2719 4161
878 202 1036 260 PRO
1097 201 1441 259 LIGARIO
2069 210 2209 283 239

113 387 611 457 ‘Poteramusne,’
673 385 921 461 inquieS,
980 391 1153 443 ‘cum
1205 392 1443 444 senatus
1501 386 1905 444 censuisset?
2007 386 2067 444 Si
2118 390 2214 443 me

106 484 380 556 consulis,
409 483 572 541 nullo
603 483 801 541 modo.
887 483 1003 542 Sed
1035 494 1236 541 tamen
1267 484 1561 559 Ligarium
1591 489 1823 541 senatus
1857 483 2019 540 idem
2060 484 2213 558 lega-

106 590 280 638 verat.
397 584 596 656 Atque
656 582 750 638 ille
808 586 883 638 εὖ
941 590 1212 656 tempore
1274 581 1470 656 paruit
1525 599 1663 639 cum
1726 585 1932 655 parere
1990 586 2217 638 senatui

108 697 351 737 necesse
396 690 522 737 erat
551 700 568 751 3
613 684 717 736 vos
758 686 888 736 tum
941 679 1208 752 paruistis
1247 697 1385 736 cum
1421 679 1613 753 paruit
1656 683 1835 736 nemo
1870 685 1972 753 qui
2008 678 2215 736 noluit.

111 776 514 851 Reprehendo
558 777 778 850 igitur?
861 776 1112 834 Minime
1142 781 1298 834 νὲτὸ.
1385 777 1600 851 Neque
1644 776 1800 833 enim
1845 776 2008 833 licuit
2050 775 2218 833 aliter
2264 793 2288 842 5

109 879 300 932 vestro
330 880 552 950 generi,
583 874 828 945 nomini,
862 873 1133 945 familiae,
1164 873 1531 950 disciplinae.
1618 873 1732 932 Sed
1765 874 1879 932 hoc
1918 879 2039 931 non
2075 891 2216 932 con-

113 972 282 1045 cedo,
313 981 379 1030 ut
413 971 626 1047 quibus
660 972 834 1029 rebus
868 972 1199 1047 gloriEmini
1234 971 1296 1029 in
1323 972 1508 1043 vobiS,
1533 971 1775 1030 easdem
1798 973 1858 1029 in
1881 972 2006 1029 aliis
2028 989 2220 1047 repre-

113 1070 403 1129 hendatis·
485 1069 820 1129 Tuberonis
848 1088 971 1128 sors
1000 1070 1276 1127 coniecta
1306 1080 1394 1128 est
1418 1089 1489 1128 ex
1512 1076 1749 1128 senatus
1771 1070 2059 1141 consulto,
2083 1088 2219 1127 cum

114 1169 235 1244 ipse
264 1174 387 1227 non
417 1167 671 1240 adesset,
696 1168 907 1227 morbo
938 1168 1118 1225 etiam
1140 1168 1529 1243 impediretur
1552 1190 1568 1242 3
1615 1178 1896 1226 statuerat
1920 1172 2219 1226 excusare.

120 1267 286 1324 Haec
329 1285 441 1342 ego
484 1272 622 1324 novi
665 1274 910 1341 propter
951 1273 1145 1324 omnis
1189 1267 1660 1324 necessitudines
1703 1285 1857 1341 quae
1902 1265 2046 1323 mihi
2087 1274 2224 1323 sunt
2266 1284 2319 1315 ιο

120 1382 247 1421 cum
294 1365 359 1423 L.
402 1365 720 1422 Tfiberone
743 1385 760 1437 3
818 1364 982 1422 domi
1024 1368 1141 1421 una
1183 1365 1416 1436 eruditi,
1461 1365 1700 1422 militiae
1752 1363 2222 1434 contubernale&

123 1472 248 1536 post
279 1462 532 1534 adfinES,
563 1462 626 1519 in
668 1468 830 1520 omni
872 1460 1132 1537 deuique
1170 1468 1291 1520 vita
1333 1462 1645 1520 familiares
1667 1483 1683 1535 3
1731 1468 2006 1537 magnum
2043 1461 2222 1518 etiam

123 1560 430 1632 vinculum,
473 1559 637 1635 quod
680 1559 870 1617 isdem
914 1560 1120 1618 studiis
1163 1578 1401 1634 semper
1443 1565 1529 1618 fisi
1571 1579 1788 1618 sumus.
1873 1560 2007 1618 Scio
2050 1559 2227 1635 igitur

124 1658 494 1716 Tuberonem
535 1658 703 1716 domi
745 1663 986 1716 manere
1014 1658 1264 1716 voluisse
1289 1678 1305 1731 3
1350 1657 1456 1716 sed
1488 1658 1570 1715 ita
1598 1658 1840 1733 quidam
1884 1659 2114 1733 agEbat,
2146 1658 2228 1715 ita

126 1762 202 1813 rei
235 1755 508 1830 publicae
541 1756 973 1814 sanctissimum
1006 1761 1228 1814 nomen
1258 1756 1607 1831 opponebat
1635 1763 1719 1827 ut,
1751 1756 1930 1814 etiam
1974 1762 2020 1814 si
2062 1755 2228 1813 aliter
2273 1775 2321 1823 15

130 1860 376 1925 sentiret,
404 1854 716 1912 verborum
754 1863 957 1911 tamen
984 1853 1245 1928 ipsorum
1277 1853 1513 1929 pondus
1543 1854 1828 1912 sustinere
1857 1859 1977 1911 non
2007 1863 2226 1928 posset.

203 1951 392 2010 Cessit
434 1952 764 2009 auctoritati
805 1950 1151 2025 amplissimi
1190 1951 1315 2023 viri,
1344 1951 1438 2009 vel
1483 1952 1681 2026 potius
1725 1951 1913 2025 paruit
1935 1972 1952 2023 3
1996 1955 2113 2008 ima
2143 1960 2229 2008 est

133 2049 418 2122 profectus
459 2068 596 2108 cum
639 2049 707 2107 iis
749 2055 999 2125 quorum
1045 2059 1170 2108 erat
1213 2054 1331 2107 fina
1376 2067 1565 2108 causa.
1652 2049 1904 2107 Tardius
1939 2049 2050 2107 iter
2079 2048 2227 2107 fecit

135 2147 320 2222 itaque
367 2149 428 2205 in
476 2135 735 2205 Kfricam
776 2148 937 2205 venit
987 2147 1106 2205 iam
1156 2154 1531 2222 occupatam.
1619 2148 1784 2205 Hinc
1829 2147 1890 2204 in
1935 2147 2230 2223 Ligarium

139 2251 349 2303 crimen
380 2247 563 2303 oritur
590 2246 684 2303 vel
712 2252 798 2303 ira
827 2246 1043 2320 potius·
1132 2246 1285 2302 Nam
1318 2252 1367 2303 si
1395 2252 1619 2303 crimen
1651 2256 1738 2304 est
1769 2245 1929 2302 illurn
1959 2245 2229 2315 voluisse,
2274 2262 2330 2293 20

139 2347 246 2400 non
288 2344 475 2401 minus
507 2350 783 2418 magnum
815 2353 904 2401 est
931 2349 1035 2401 vos
1065 2330 1344 2415 Kfricam,
1381 2362 1580 2402 arcem
1625 2344 1892 2401 omnium
1936 2342 2230 2418 provinci-

141 2445 304 2514 arum,
335 2447 529 2499 natam
561 2440 639 2499 ad
671 2441 893 2500 bellum
922 2447 1132 2499 contra
1160 2441 1314 2499 hanc
1342 2442 1553 2500 urbem
1583 2441 1932 2516 gerendum,
1964 2441 2232 2500 obtinete

143 2539 370 2597 voluisse
412 2558 591 2614 quam
643 2539 899 2614 aliquem
950 2544 1013 2597 se
1063 2539 1355 2597 maluisse.
1440 2542 1639 2614 Atque
1685 2539 1734 2596 is
1784 2548 1983 2596 tamen
2025 2539 2235 2613 aliquis

148 2635 384 2712 Ligarius
418 2643 539 2695 non
569 2637 694 2695 fuit.
778 2638 966 2695 Varus
1010 2637 1327 2712 imperium
1372 2642 1435 2695 se
1479 2637 1697 2695 habEre
1744 2636 1982 2695 dicebat
2003 2657 2019 2708 3
2067 2636 2235 2694 fascis

149 2739 290 2793 certe
342 2735 617 2794 habebat.
702 2734 819 2793 Sed
863 2740 1106 2810 quoquo
1154 2735 1336 2793 modo
1377 2740 1441 2793 s‘e‘
1481 2733 1623 2792 illud
1670 2734 1866 2806 habet,
1913 2734 2060 2792 haec
2098 2752 2237 2809 que·
2276 2751 2328 2800 25

222 2908 259 2945 1.
300 2897 760 2946 Poteramuene:
813 2912 881 2945 se.
920 2897 980 2945 in
1005 2898 1243 2961 Africam
1273 2913 1376 2944 non
1402 2897 1594 2944 venire.
1668 2907 1715 2944 2.
1762 2895 2099 2956 legaverat:
2136 2894 2247 2942 had

152 2974 395 3036 appointed
412 2975 713 3029 lieutenant.
771 2972 817 3022 8.
858 2973 1222 3023 Tuberonis:
1268 2972 1354 3021 the
1376 2971 1537 3020 father
1561 2972 1618 3019 of
1646 2971 1732 3020 the
1757 2987 1974 3020 accuser.
1991 2998 2056 3007 -—-
2071 2984 2233 3020 sore:

153 3047 222 3095 the
244 3050 319 3097 lex
342 3052 581 3114 Pompeia
617 3049 675 3097 of
703 3049 791 3098 the
825 3065 945 3113 year
975 3061 1039 3115 52
1060 3062 1153 3098 B.C.
1180 3049 1466 3112 compelled
1496 3048 1780 3096 ex-consuls
1804 3048 1905 3095 and
1931 3054 2239 3111 ex-praetors

155 3130 196 3170 to
215 3127 476 3175 undertake
507 3126 594 3174 the
625 3133 979 3188 management
1009 3126 1065 3173 of
1088 3142 1184 3187 any
1209 3125 1445 3189 province
1482 3124 1716 3186 assigned
1739 3123 1893 3182 them,
1919 3123 1961 3171 if
1984 3124 2075 3172 five
2098 3139 2241 3187 years

156 3197 238 3248 had
260 3202 453 3267 elapsed
480 3203 619 3250 since
644 3202 773 3250 their
803 3209 931 3250 term
968 3202 1026 3250 of
1055 3201 1212 3250 office.
1280 3200 1446 3249 These
1471 3201 1735 3264 provinces
1758 3215 1889 3248 were
1915 3200 2150 3262 assigned
2176 3201 2241 3262 by

157 3274 225 3324 lot.
303 3293 345 3339 9.
391 3290 719 3329 excusate:
765 3286 810 3326 to
840 3295 1015 3326 excuse
1035 3279 1247 3343 himself.
1339 3291 1411 3325 11.
1454 3277 1734 3325 militiae:
1780 3276 1859 3324 i.e.
1886 3276 1938 3323 in
1962 3275 2048 3324 the
2075 3276 2240 3324 Social

160 3350 270 3411 War,
287 3356 460 3418 during
483 3356 571 3404 the
590 3369 708 3417 year
727 3353 792 3416 89
817 3366 913 3403 B.C.
930 3381 996 3390 —
1014 3354 1511 3404 contubernales:
1542 3353 1807 3400 comrades.
1867 3365 1942 3412 14.
1961 3352 2237 3414 quidam:

161 3432 399 3494 according
420 3439 474 3480 to
507 3445 666 3488 some,
692 3431 764 3478 M.
798 3430 1068 3479 Marcellus
1101 3446 1156 3478 or
1184 3446 1323 3478 some
1356 3431 1502 3478 other
1532 3445 1715 3494 person
1745 3428 1868 3477 then
1897 3428 2055 3490 living
2076 3427 2243 3476 whom

161 3503 308 3554 Cicero
332 3509 412 3556 did
450 3515 541 3555 not
570 3506 695 3555 wish
731 3513 783 3554 to
817 3523 991 3565 name3
1036 3505 1205 3555 others
1235 3507 1362 3555 have
1394 3506 1610 3568 thought
1640 3505 1748 3553 that
1785 3503 1872 3553 the
1908 3504 2167 3553 reference
2203 3505 2245 3552 is

162 3585 202 3626 to
233 3582 345 3630 Cato
384 3599 439 3631 or
473 3584 717 3646 Pompey,
745 3582 928 3641 whom,
962 3583 1154 3644 though
1200 3583 1345 3640 dead,
1381 3583 1556 3630 Cicero
1597 3581 1758 3644 might
1797 3581 1926 3629 have
1958 3581 2151 3629 wished
2189 3589 2244 3629 to

163 3669 294 3718 spate.
359 3673 435 3708 20.
470 3659 641 3708 illum
662 3659 959 3708 voluisse:
998 3674 1065 3707 sc.
1086 3660 1321 3723 Africam
1348 3659 1567 3707 obtinere
1582 3675 1604 3713 ,·
1634 3673 1690 3705 so
1715 3659 1820 3706 also
1843 3657 1962 3705 with
1988 3659 2243 3706 maluisse.

166 3743 225 3793 ²3·
259 3735 538 3797 aliquem:
575 3751 644 3784 sc.
669 3736 849 3784 alium.
914 3746 992 3798 25.
1020 3747 1263 3796 quoquo
1290 3771 1301 3782 .
1329 3770 1340 3782 .
1367 3771 1379 3783 .
1405 3734 1619 3783 habet:
1658 3735 1883 3782 however
1905 3734 2015 3781 that
2034 3749 2151 3794 may
2174 3734 2241 3780 be.
