2719 4161
416 1127 459 1180 -S

504 217 647 288 260
1096 223 1462 282 LETTERS
1525 222 1630 279 OF
1687 220 1992 279 CICERO

496 416 555 470 te
599 411 660 468 in
702 410 914 469 febrim
956 409 1151 468 subito
1193 407 1495 467 incidisse.
1579 404 1761 479 Quod
1809 402 2070 463 celeriter
2124 406 2220 460 me
2273 400 2458 459 fecisti
2495 398 2548 456 de

496 508 765 567 Caesaris
794 508 996 566 litteris
1025 507 1358 577 certiorem,
1392 504 1590 563 fecisti
1634 503 1775 560 mihi
1818 507 2062 577 gratum.
2148 501 2306 558 Item
2335 498 2552 575 posthac,

495 613 545 665 si
572 605 720 681 quid
747 625 897 682 opus
929 605 1056 677 erit,
1086 610 1134 662 si
1162 603 1307 679 quid
1336 602 1620 661 acciderit
1649 607 1804 673 novi,
1835 599 2011 658 facies
2051 608 2116 657 ut
2157 597 2362 657 sciam.
2437 596 2555 655 Curi

495 714 561 763 ut
588 704 804 763 valessas.
886 703 1052 762 Vale.
1138 703 1214 760 D.
1246 718 1328 759 1111
1359 701 1518 759 Non.
1552 701 1681 757 Isin.

1480 872 1623 930 XVI

1054 996 1289 1046 'rullius
1323 995 1644 1046 Terentiae
1681 993 1842 1044 Suae
1878 993 1943 1044 8.
1974 993 2048 1044 D.
2119 1041 2120 1046 ,

577 1110 634 1169 S.
662 1129 718 1168 v.
747 1108 807 1169 b.
837 1127 891 1167 e.
919 1128 978 1168 v.
1063 1110 1158 1167 Da
1186 1125 1432 1183 operam
1461 1116 1528 1164 ut
1556 1105 1930 1165 convalescas
1951 1125 1969 1177 ;
2012 1102 2175 1179 quod
2202 1120 2353 1179 opus
2382 1100 2496 1172 erit,
2517 1107 2564 1156 ut

495 1213 589 1267 res
630 1218 983 1283 tempusque
1027 1205 1301 1281 postulat,
1332 1203 1645 1279 provideas
1690 1213 1870 1278 atque
1911 1201 2282 1259 administres
2312 1209 2374 1257 et
2400 1196 2471 1257 ad
2494 1200 2564 1253 me

496 1305 575 1366 de
604 1305 876 1364 omnibus
905 1303 1081 1363 rebus
1108 1321 1287 1378 quam
1316 1301 1659 1377 saepissime
1690 1301 1909 1359 litteras
1940 1299 2159 1358 mittas
2238 1298 2406 1356 Vale.

1464 1467 1642 1525 XVII

1051 1590 1283 1640 Tullius
1319 1590 1387 1642 Β.
1422 1590 1494 1640 D.
1535 1581 1853 1641 'terendae
1887 1590 2051 1641 Suae

575 1702 633 1761 S.
662 1721 715 1759 v.
745 1700 805 1760 b.
838 1720 889 1760 e.
919 1722 973 1760 v.
1053 1702 1247 1760 Tullia
1280 1712 1482 1761 nostra
1507 1702 1670 1761 venit
1697 1701 1776 1760 ad
1807 1706 1903 1760 me
1931 1718 2019 1775 pr.
2049 1686 2197 1759 Idus
2226 1690 2393 1771 Iiins}
2432 1695 2566 1754 cuius

496 1804 727 1857 summa
752 1799 965 1857 virtute
990 1808 1050 1857 et
1072 1800 1346 1875 singulari
1371 1800 1735 1858 humanitate
1761 1798 2022 1874 graviore
2049 1797 2228 1856 etiam
2249 1815 2374 1856 sum
2397 1794 2567 1854 dolore

407 1923 461 1957 ιο
495 1896 763 1955 adfectus
792 1902 991 1954 nostra
1018 1889 1239 1955 facturn
1273 1915 1399 1955 esse
1429 1896 1821 1972 neglegentia,
1855 1906 1918 1953 ut
1948 1896 2126 1970 longe
2154 1895 2269 1953 alii
2290 1895 2349 1951 in
2371 1883 2565 1951 fortI‘m'a'

406 2717 457 2767 ι5

496 2004 651 2052 esset
693 2003 872 2069 atque
915 1994 1039 2052 Eius
1081 1994 1270 2069 pietas
1312 2012 1382 2052 ac
1426 1994 1680 2070 dignitas
1722 1993 2075 2070 postulabat.
2166 1993 2356 2051 Nobis
2389 1987 2565 2049 eratin

497 2093 696 2150 animo
733 2093 1090 2151 Ciceronem
1133 2092 1210 2151 ad
1253 2093 1572 2151 Caesarem
1616 2094 1852 2152 mittere
1888 2103 1948 2151 et
1982 2111 2121 2150 cum
2165 2097 2241 2150 εδ
2284 2092 2393 2150 Cn.
2419 2086 2562 2148 Sallu·

495 2189 691 2247 stium.
774 2190 834 2248 Si
874 2190 1173 2265 profectus
1218 2189 1344 2262 erit,
1394 2190 1609 2248 faciam
1659 2195 1719 2250 t'e
1767 2191 2103 2250 certiorem.
2187 2186 2565 2249 Valetfidinem

496 2297 657 2346 tuam
689 2292 830 2345 cura
856 2287 1188 2363 diligenter.
1270 2288 1434 2346 Vale.
1521 2305 1645 2346 xvn
1676 2276 1753 2346 K.
1787 2288 2120 2363 QuinctiliS.

1443 2432 1655 2519 XVIII

1152 2582 1385 2632 'rullius
1420 2582 1483 2633 Β.
1518 2583 1591 2634 D.
1626 2585 1945 2637 'terentiae

575 2693 636 2752 Si
674 2692 850 2763 valES,
895 2691 1051 2751 bene
1093 2700 1201 2750 est.
1285 2693 1810 2768 Constitueramus,
1857 2706 1922 2755 ut
1963 2696 2041 2756 ad
2089 2703 2153 2756 te
2200 2703 2379 2771 antea
2422 2699 2566 2768 scrip·

495 2810 704 2862 seram,
735 2790 972 2849 obviam
1000 2790 1359 2849 Ciceronem
1391 2792 1632 2851 Caesari
1661 2795 1913 2866 mittere,
1946 2795 2054 2854 sed
2084 2797 2435 2854 mutavimus
2460 2796 2568 2850 con·

494 2889 687 2947 silium
735 2888 876 2963 quia
922 2887 1001 2946 de
1046 2887 1195 2946 illius
1246 2887 1508 2948 adventi-1
1558 2891 1704 2949 nihil
1760 2891 2168 2951 audiebamus
2256 2895 2352 2952 De
2399 2893 2568 2951 ceteris

494 2987 685 3058 rEbuS,
731 2993 840 3044 etsi
887 2985 1031 3043 nihil
1076 2995 1201 3044 erat
1249 2993 1406 3059 novi,
1452 2998 1653 3047 tamen
1702 2990 1846 3065 quid
1896 2991 2140 3050 velimus
2193 3000 2256 3050 et
2304 2991 2445 3067 quid
2483 2988 2569 3045 hbe

576 3147 720 3195 Fam.
769 3158 844 3206 14.
870 3159 949 3205 21,
980 3146 1177 3196 written
1207 3153 1258 3196 at
1279 3148 1596 3198 Brundisium
1622 3150 1812 3214 shortly
1834 3151 1963 3201 after
1983 3152 2112 3217 June
2137 3165 2186 3216 3,
2208 3164 2276 3218 47
2298 3164 2394 3202 ΒΕ.

574 3224 717 3270 Fam.
770 3234 843 3281 14,
891 3235 965 3280 11,
1001 3224 1198 3272 written
1244 3231 1295 3272 at
1343 3225 1679 3285 Brundisium,
1723 3227 1855 3292 June
1902 3242 1976 3289 14,
2011 3243 2075 3292 47
2113 3241 2209 3280 B.C.
2299 3229 2460 3278 Tullia
2494 3236 2567 3274 ΜΞ

493 3305 542 3348 at
577 3299 686 3346 that
715 3298 834 3346 time
869 3298 1075 3362 visiting
1108 3299 1199 3347 her
1232 3299 1410 3350 father.
1489 3301 1535 3351 8.
1571 3304 1773 3352 culus:
1825 3304 1906 3354 i.e.
1941 3305 2162 3354 Tullia’s.
2260 3319 2335 3356 10.
2379 3305 2566 3355 iactum

490 3386 655 3425 esse:
694 3374 805 3421 that
826 3375 870 3422 it
886 3374 976 3422 has
1001 3375 1115 3423 been
1140 3376 1350 3441 brought
1369 3378 1530 3428 about.
1616 3380 1701 3428 He
1727 3379 1883 3428 refers
1906 3387 1959 3429 to
1984 3380 2075 3428 her
2100 3381 2340 3446 unhappy
2362 3380 2567 3439 marriage

488 3449 610 3500 with
648 3449 933 3498 Dolabella.
1020 3462 1094 3500 11.
1128 3456 1341 3514 atque:
1368 3454 1515 3518 from
1550 3455 1699 3505 what.
1796 3469 1870 3506 12.
1907 3457 2291 3507 ciceronem:
2323 3458 2408 3515 ¹i.e.
2435 3452 2566 3519 yofing

491 3528 708 3577 Marcus.
1469 3550 1472 3553 ’

572 3603 718 3650 Fam.
751 3612 826 3659 14.
862 3611 936 3664 15,
972 3600 1166 3648 written
1200 3603 1332 3664 June
1367 3615 1441 3662 19,
1476 3617 1541 3669 47
1579 3617 1691 3664 13.C.‚
1726 3606 1853 3655 from
1888 3609 2227 3658 Brundisium.
2302 3622 2376 3674 17.
2406 3607 2561 3657 illius:

490 3676 570 3724 i.e.
596 3675 836 3722 Caesar's.
907 3675 992 3721 He
1028 3675 1129 3722 had
1163 3691 1296 3736 gone
1325 3684 1380 3725 to
1412 3679 1534 3726 Asia
1573 3681 1700 3728 after
1733 3682 1973 3746 bringing
2007 3684 2096 3733 the
2131 3685 2463 3734 Alexandrian
2491 3693 2563 3730 war

490 3756 544 3798 to
580 3764 611 3796 a
644 3747 917 3795 successful
951 3747 1100 3806 close,
1126 3751 1227 3798 and
1248 3751 1338 3809 did
1363 3759 1451 3811 not
1476 3760 1647 3821 return
1670 3763 1723 3804 to
1749 3757 1879 3821 Italy
1899 3760 2026 3809 until
2051 3760 2366 3825 September.
