2719 4161
876 236 1033 292 PRo
1094 236 1438 293 LIGARIO
2065 244 2202 316 233

84 425 167 475 cri
199 419 545 494 cupiditate
579 419 835 494 adripuit
872 419 1205 493 imperium,
1236 426 1285 477 si
1317 418 1461 476 illud
1499 419 1816 494 imperium
1851 437 1980 477 esse
2014 419 2209 494 potuit

84 517 246 589 quod
293 517 378 575 ad
437 523 729 591 privatum
771 518 1031 574 clamore
1075 516 1469 575 multitfidinis
1510 517 1838 591 imperitae,
1889 517 2050 574 nullo
2099 521 2206 592 pfl-

86 614 241 671 blicc')
289 615 553 672 consilio
603 614 996 672 deferebatur.
1102 615 1311 689 Itaque
1370 615 1653 690 LigariuS,
1699 620 1800 689 qui
1855 632 2034 672 omne
2092 615 2207 674 tale

85 713 403 787 negotium
432 722 680 787 cuperet
710 712 985 788 effugere,
1016 712 1256 788 paulum
1285 711 1546 769 adventi]
1576 712 1712 770 Vari
1741 711 2100 787 conquievit.

248 888 364 936 The
397 890 565 937 action
594 888 648 938 of
675 889 912 949 Ligarius
941 900 1055 937 was
1086 890 1182 937 due
1210 891 1267 937 to
1305 889 1587 949 necessity,
1621 891 1710 938 not
1737 888 2073 937 inclinatiom‘

168 1001 253 1058 11.
310 1000 556 1073 Adhuc,
587 1001 657 1059 C.
689 1000 925 1073 Caesar,
949 1000 1023 1074 Q.
1059 1000 1321 1075 Ligarius
1350 1007 1515 1058 omni
1544 999 1719 1075 culpa
1747 1008 1936 1058 vacat.
2006 1001 2211 1059 Domo

93 1108 179 1155 est
220 1102 499 1174 Egressus
534 1102 656 1155 non
694 1098 877 1156 modo
916 1098 1139 1155 millum
1171 1097 1249 1155 ad
1283 1098 1502 1156 bellum
1538 1098 1645 1156 sed
1679 1102 1755 1156 ne
1788 1096 1865 1155 ad
1903 1097 2209 1155 minimam

92 1193 334 1269 quidem
384 1196 788 1271 suspicionem
832 1195 971 1252 belli
991 1216 1009 1267 ;
1066 1196 1290 1270 legatus
1329 1196 1391 1253 in
1429 1201 1580 1270 pace
1626 1195 1925 1269 profectus
1970 1205 2059 1253 est
2080 1215 2096 1267 3
2148 1195 2210 1253 in

97 1293 404 1367 provincia
432 1292 811 1367 pacatissima
835 1293 920 1350 ita
947 1297 1009 1351 se
1042 1293 1223 1368 gessit
1257 1303 1322 1350 ut
1356 1299 1412 1349 ei
1454 1298 1667 1368 pacem
1710 1310 1838 1351 esse
1882 1291 2209 1367 expediret.

98 1391 394 1449 Profectio
426 1395 589 1448 certe
618 1391 880 1447 animum
921 1400 1086 1448 tuum
1119 1396 1239 1448 non
1268 1389 1452 1449 debet
1480 1390 1815 1462 offendere3
1860 1408 2004 1448 num
2037 1390 2213 1465 igitur

102 1489 393 1546 remansio
413 1489 442 1547 Ρ
523 1488 719 1545 Multo
763 1488 971 1546 minus,
1058 1479 1219 1546 Nam
1259 1488 1552 1562 profectio
1592 1488 1959 1546 voluntatem
2005 1487 2213 1547 habuit

100 1590 214 1643 non
268 1595 530 1662 turpem,
580 1586 875 1643 remansio
923 1586 1340 1644 necessitatem
1392 1586 1574 1644 etiam
1622 1583 1952 1644 honestam.
2054 1587 2214 1662 Ergo

104 1683 243 1742 haec
293 1684 422 1741 duo
469 1692 744 1758 tempora
792 1693 994 1741 carent
1039 1683 1324 1755 crimine;
1388 1688 1590 1753 iinum,
1648 1702 1786 1740 cum
1843 1692 1931 1742 est
1987 1683 2212 1758 legatus

103 1781 423 1855 profectuS,
472 1782 740 1852 alterum,
791 1799 933 1849 cum
983 1781 1330 1856 efflagitatus
1386 1787 1423 1839 Ξ
1477 1781 1780 1856 provincia
1835 1781 2210 1856 praepositus

106 1864 330 1937 {fricae
362 1889 474 1938 est.
557 1879 824 1937 Tertium
854 1889 1090 1953 tempus
1118 1889 1206 1937 est
1241 1878 1405 1954 quod
1446 1890 1580 1954 post
1621 1879 1943 1937 adventum
1969 1881 2111 1937 Vari
2152 1879 2214 1937 in

107 1960 538 2036 Kfrica‘restitit
558 1997 576 2050 3
620 1976 783 2051 quod
823 1983 873 2034 si
904 1985 994 2035 est
1022 1977 1422 2047 criminosum,
1453 1977 1818 2034 necessitatis
1847 1983 2072 2035 crimen
2105 1987 2211 2050 est,

114 2080 222 2133 non
263 2076 601 2134 voluntatis.
686 2077 779 2133 An
813 2075 909 2133 ille
941 2083 987 2133 si
1018 2075 1304 2150 potuisset
1332 2075 1451 2133 fillo
1483 2074 1664 2134 mod‘c')
1694 2073 1965 2147 Eva'dere,
1995 2075 2212 2135 Uticae

115 2191 280 2247 quam
309 2177 562 2245 Romae,
588 2192 726 2231 cum
758 2176 820 2231 P.
842 2175 1008 2232 Attio
1037 2192 1214 2248 quam
1245 2193 1384 2231 cum
1414 2173 1892 2232 concordissimis
1923 2173 2212 2246 fratribuS,

120 2289 241 2328 cum
270 2274 474 2332 alienis
504 2290 633 2330 esse
662 2290 842 2347 quam
871 2291 1010 2329 cum
1046 2279 1163 2329 suis
1202 2272 1499 2330 maluisset
1522 2273 1550 2329 Ρ
1631 2271 1785 2330 Cum
1829 2271 1957 2345 ipsa
1997 2272 2215 2347 legatio

120 2369 281 2442 plena
335 2369 596 2429 d‘e'sideri
650 2388 720 2427 ac
778 2369 1188 2428 sollicitudinis
1246 2370 1449 2427 suisset
1504 2379 1747 2444 propter
1801 2368 2212 2432 incredibilem

124 2468 408 2541 quendam
451 2469 692 2526 fratrum
734 2472 1017 2538 amorem,
1051 2468 1146 2524 hic
1188 2472 1383 2543 aequo
1425 2468 1627 2525 animo
1669 2485 1797 2525 esse
1840 2467 2033 2542 potuit
2075 2466 2213 2526 belli

126 2564 358 2626 discidio
388 2566 704 2625 distractus
733 2571 770 2624 Ξ
800 2565 1069 2623 fratribus
1092 2566 1120 2622 Ρ

197 2665 431 2723 Nullum
480 2665 657 2740 igitur
705 2663 906 2735 habe-38,
947 2664 1184 2735 Caesar,
1226 2661 1422 2720 adhfic
1472 2661 1536 2720 in
1575 2661 1652 2735 Q.
1705 2662 1939 2737 Ligario
1981 2669 2213 2738 signum

129 2760 332 2820 alienae
361 2769 401 2821 Ξ
427 2768 486 2822 te
507 2762 835 2820 voluntatis.
906 2761 1086 2820 Cfiius
1117 2779 1229 2836 ego
1258 2778 1497 2819 causam
1527 2759 1947 2831 animadverte,
1971 2766 2212 2834 quaeso,

132 2865 232 2931 qua
256 2861 371 2921 fide
402 2859 723 2920 defendam
744 2881 761 2932 ;
802 2859 995 2935 prodo
1024 2877 1238 2917 meam.
1318 2843 1374 2916 ὃ
1399 2857 1773 2916 clementiam
1804 2857 2214 2916 admirabilem

133 2966 285 3032 atque
339 2959 608 3018 omnium
665 2958 859 3030 laude,
918 2958 1381 3032 praedicatione,
1434 2954 1639 3012 litteris
1696 2962 2214 3030 monumentisque

137 3054 531 3129 decorandam,
575 3075 714 3114 cum
764 3057 850 3114 M.
896 3055 1111 3115 Cicero
1166 3053 1325 3130 apud
1379 3058 1438 3111 te
1494 3051 1764 3110 defendit
1813 3052 1991 3112 alium
2040 3052 2099 3110 in
2144 3059 2229 3111 εΞ·

136 3154 407 3214 voluntate
442 3161 562 3213 non
601 3155 774 3212 fuisse
811 3154 870 3211 in
905 3160 1023 3228 qua
1051 3158 1114 3211 se
1143 3154 1334 3228 ipsum
1368 3151 1680 3209 confitetur
1710 3151 1904 3222 fuisse,
1935 3169 2046 3208 nec
2086 3157 2216 3209 tuas

142 3252 317 3312 tacitas
358 3253 749 3330 cogitationes
791 3252 1140 3322 extimescit,
1185 3268 1298 3308 nec
1341 3247 1485 3325 quid
1529 3249 1637 3307 tibi
1680 3247 1757 3306 de
1798 3248 1914 3307 alio
1952 3249 2218 3308 audienti

142 3345 204 3405 de
227 3355 283 3409 s'e
307 3353 437 3427 ipso
465 3360 740 3409 occurrat
768 3348 1126 3407 reformidat.
1706 3341 1712 3346 ’

212 3549 249 3601 5.
281 3540 527 3590 Adhuc:
571 3547 638 3603 up
662 3545 708 3588 to
729 3538 827 3587 this
837 3539 1001 3603 point.
1068 3536 1114 3586 8.
1155 3537 1239 3587 ei:
1279 3536 1365 3585 i.e.
1385 3536 1705 3600 provinciae.
1724 3525 2022 3598 —'pacem
2046 3548 2214 3587 esse:

149 3611 306 3675 subject
331 3616 386 3664 of
404 3617 673 3679 expediret.
756 3628 829 3678 13.
872 3615 1242 3676 efflagitatus
1277 3626 1346 3661 a:
1390 3621 1446 3661 at
1476 3614 1552 3661 the
1587 3620 1708 3660 most
1729 3621 1915 3677 urgent
1935 3621 2131 3675 request
2149 3614 2213 3678 ofl

155 3698 211 3747 14.
245 3693 429 3752 quod:
466 3693 578 3740 tlzat
595 3692 795 3755 during
818 3692 994 3739 which.
1096 3703 1167 3753 17.
1211 3689 1743 3745 concordissimis:
1780 3696 1904 3736 most
1934 3690 2211 3752 congenial.

151 3775 210 3812 20·
245 3766 362 3818 hie:
402 3768 488 3818 the
513 3768 719 3816 adverb.
793 3779 870 3815 21.
912 3767 1202 3816 discidio:
1243 3766 1301 3829 by
1323 3765 1403 3813 the
1427 3765 1786 3812 intervention.

2257 1507 2311 1540 10

2256 1989 2308 2036 15

2254 2489 2312 2521 20
