2719 4161
514 282 963 339 PHILIPPICA
1025 281 1373 359 QUARTA
1433 281 1761 338 DECIMA
2045 286 2082 334 2
2102 288 2125 333 1
2152 287 2174 334 1

85 465 378 522 Ianuarias
413 465 751 539 principem
793 463 1164 522 revocandae
1209 464 1493 522 libertatis
1538 463 1712 521 fuisse
1734 483 1750 535 ;
1810 467 1907 519 mo
1950 479 2022 518 ex
2067 461 2186 517 Ka·

83 562 267 619 lendis
299 563 589 620 Ianuariis
618 562 695 620 ad
729 561 877 618 hanc
907 562 1112 619 horam
1145 562 1475 637 invigilasse
1506 568 1587 618 rei
1626 561 1897 635 poblicae
1921 580 1937 632 3
1992 576 2187 616 meam

84 660 327 717 domum
359 666 640 734 measque
671 666 823 716 auris
854 660 982 717 dios
1011 665 1320 732 noctisque
1346 659 1611 715 omnium
1644 663 1975 733 praeceptis
1999 656 2187 713 moni-

87 763 268 831 tisque
317 758 578 831 patuisse
599 778 616 829 3
679 763 825 814 meis
868 757 1095 828 litterIS,
1129 763 1272 814 meis
1317 757 1554 826 notitiis,
1589 763 1734 813 meis
1769 755 2187 814 cohortationi-

88 855 186 911 bus
228 861 425 911 omnis
468 860 570 928 qui
613 855 832 928 ubique
879 863 1077 912 essent
1112 852 1188 910 ad
1219 854 1442 928 patriae
1476 853 1834 928 praesidium
1864 855 2150 911 excitatos
2171 872 2188 926 3
2261 874 2281 919 5

90 958 227 1009 meis
257 953 568 1010 sententiis
599 957 635 1009 a
666 952 950 1010 Kalendis
981 952 1264 1009 Ianuariis
1295 970 1618 1026 numquam
1650 953 1873 1027 lagatos
1902 952 1973 1009 ad
2008 955 2188 1008 Anto-

91 1051 246 1106 nium
268 1070 285 1122 3
345 1067 585 1124 semper
623 1050 785 1105 illum
829 1049 1081 1121 hostem,
1114 1067 1350 1125 semper
1396 1051 1508 1106 hoc
1553 1050 1792 1120 bellum,
1822 1060 1887 1107 ut
1931 1068 2060 1124 ego,
2091 1055 2192 1123 qui

93 1154 246 1205 omni
290 1158 564 1223 tempore
600 1152 772 1205 votae
816 1148 979 1222 pacis
1024 1159 1229 1205 auctor
1267 1148 1524 1218 fuissem,
1556 1147 1690 1205 huic
1736 1166 1922 1205 essem
1967 1148 2194 1204 nomini

95 1245 398 1319 pestiferae
445 1245 612 1320 pacis
656 1246 945 1302 inimicus.
1034 1246 1161 1302 Has
1207 1245 1268 1302 in
1305 1246 1627 1303 sententias
1659 1251 1817 1302 meas
1846 1252 1894 1302 si
1923 1246 2193 1303 consulos

99 1343 519 1400 discessionem
552 1342 745 1400 facere
775 1342 1111 1413 voluissent,
1148 1343 1422 1400 omnibus
1466 1344 1587 1401 istis
1631 1343 1951 1401 latronibus
1993 1347 2191 1400 aucto-
2239 1360 2294 1392 ιο

97 1441 256 1497 ritate
287 1441 417 1515 ipsa
445 1445 683 1498 senatos
715 1441 832 1497 iarn
862 1441 1096 1516 pridem
1128 1440 1205 1499 do
1237 1441 1506 1498 manibus
1535 1459 1700 1499 arma
1727 1440 2100 1499 cecidissent.

285 1645 368 1705 By
396 1642 711 1702 implicatiora
741 1654 772 1688 a
801 1643 973 1688 decree
1004 1639 1057 1688 of
1082 1641 1457 1701 thanksgiving
1485 1640 1751 1700 proclaims
1781 1639 1986 1699 Antony

914 1729 946 1762 a
975 1716 1143 1776 public
1173 1728 1372 1776 enemy.

170 1848 342 1905 VIII.
401 1844 521 1905 Sed
578 1843 742 1920 quod
789 1854 914 1902 tum
968 1849 1091 1901 non
1137 1843 1319 1915 licuit,
1368 1847 1562 1918 patros
1610 1848 1946 1918 conscriptI,
1983 1841 2045 1899 id
2086 1841 2200 1900 hoc

104 1954 360 2019 tempore
403 1948 526 2001 non
570 1943 760 2000 solum
807 1942 947 1999 licet
988 1947 1192 2000 vorum
1235 1942 1413 1999 etiam
1450 1959 1694 1998 necesse
1729 1949 1837 2012 est,
1869 1946 1971 1998 eos
2002 1946 2103 2015 qui
2139 1944 2201 1997 ro

107 2053 229 2102 sunt
288 2043 486 2101 hostos
542 2039 735 2100 verbis
792 2046 1002 2112 notari,
1062 2040 1370 2098 sententiis
1426 2045 1636 2097 nostris
1694 2038 1876 2098 hostis
1938 2037 2201 2116 iodicari.

108 2148 293 2203 Antea
330 2165 468 2203 curn
517 2144 751 2201 hostem
798 2161 881 2216 ac,
917 2140 1136 2199 bellum
1183 2140 1599 2210 nominassem,
1645 2138 1826 2196 semel
1872 2147 1932 2195 et
1971 2137 2204 2210 saepius
2249 2150 2299 2197 ¹5

111 2244 454 2302 sententiam
487 2260 683 2299 meam
713 2240 791 2298 do
820 2243 1071 2297 numero
1101 2237 1525 2296 sententiarum
1554 2237 1922 2305 sustulorunt,
1952 2234 2114 2321 quod
2145 2235 2204 2291 in

115 2341 214 2399 hac
251 2347 424 2399 causa
453 2343 572 2397 iam
603 2340 728 2397 fieri
756 2343 877 2395 non
909 2346 1124 2412 potest.
1212 2336 1301 2391 Ex
1345 2334 1550 2392 litteris
1586 2334 1741 2391 enim
1778 2334 1847 2392 C.
1880 2335 2105 2390 Pansae
2135 2335 2204 2389 A.

117 2441 264 2500 Hirti
305 2440 629 2510 consulum,
676 2438 745 2497 C.
793 2435 1060 2495 Caesaris
1104 2438 1213 2509 pro
1256 2437 1529 2508 praetore
1573 2431 1651 2490 do
1692 2432 1917 2489 honore
1964 2430 2054 2487 dis
2098 2431 2205 2486 im-

118 2540 441 2597 mortalibus
473 2535 752 2595 habendo
784 2533 1104 2592 sententias
1136 2531 1405 2590 dicimus.
1490 2529 1994 2604 Supplicationem
2025 2528 2206 2585 modo

120 2646 209 2712 qui
241 2639 517 2708 docrovit,
548 2637 712 2696 idem
743 2634 1085 2710 improdons
1117 2632 1302 2690 hostis
1332 2630 1614 2687 iodicavit
1635 2648 1651 2700 ;
1696 2644 2018 2701 numquam
2049 2627 2207 2684 enim
2249 2650 2307 2681 20

121 2735 171 2792 in
213 2738 360 2794 civili
406 2736 563 2795 bello
614 2734 969 2810 supplicatio
1017 2732 1258 2790 docrota
1303 2738 1409 2786 est.
1495 2727 1812 2784 Docrotam
1865 2724 2044 2783 dico?
2114 2726 2208 2781 No

120 2835 335 2893 victoris
364 2833 612 2910 quidem
636 2832 841 2891 litteris
865 2831 1156 2907 postulata
1180 2838 1285 2886 est.
1371 2824 1557 2884 Civile
1587 2824 1803 2882 bellurn
1829 2823 2033 2880 consul
2055 2821 2210 2879 Sulla

123 2933 282 3005 gessit
302 2954 317 3005 ;
361 2932 692 3009 legionibus
735 2930 795 2987 in
837 2929 1045 2988 urbem
1083 2926 1354 2986 adductis
1391 2928 1539 2999 quos
1571 2922 1756 2980 voluit
1791 2920 2029 2995 expulit,
2060 2925 2207 2993 quos

124 3031 293 3102 potuit
346 3030 610 3102 occidit3
672 3026 1114 3103 supplicationis
1173 3023 1401 3082 mentio
1452 3021 1629 3078 nolla.
1746 3020 1939 3077 Grave
1987 3017 2208 3075 bellum

126 3126 494 3187 Octavianum
536 3131 866 3185 insecutum
914 3134 1040 3195 est3
1085 3121 1441 3197 supplicatio
1479 3118 1636 3177 nfilla
1673 3117 1896 3174 victori.
1981 3115 2207 3173 Cinnae
2249 3131 2302 3180 ²5

125 3224 402 3283 victoriam
448 3227 770 3299 imperator
802 3223 954 3280 ultus
985 3231 1072 3279 est
1101 3221 1254 3279 Sulla
1277 3240 1293 3291 ;
1336 3217 1497 3275 milla
1527 3213 1876 3290 supplicatio
1906 3212 2145 3270 docrota
2176 3218 2210 3269 a

127 3329 322 3381 senato.
408 3322 504 3380 Ad
535 3327 594 3379 to
623 3322 833 3395 ipsum,
865 3321 929 3377 P.
961 3319 1179 3389 ServilI,
1212 3336 1354 3374 num
1390 3315 1543 3372 misit
1582 3314 1727 3370 ollas
1766 3311 2014 3386 conloga
2056 3311 2207 3368 litte-

128 3425 202 3476 ras
240 3420 312 3479 do
354 3421 451 3478 illa
494 3417 997 3476 calamitosissima
1031 3421 1231 3490 pogna
1271 3412 1605 3470 Pharsalia?
1688 3413 1849 3468 Num
1879 3415 1937 3467 to
1968 3409 2044 3467 do
2074 3428 2207 3483 sup-

131 3517 414 3588 plicatione
472 3516 656 3574 voluit
700 3515 956 3573 referre?
1054 3514 1330 3570 Profecto
1378 3511 1578 3569 noluit.
1674 3511 1752 3566 At
1798 3509 1953 3566 misit
2001 3513 2210 3582 postea

132 3612 193 3671 do
229 3615 592 3684 Alexandria,
629 3613 705 3672 do
750 3614 1072 3671 Pharnace.
1158 3609 1488 3668 Pharsaliae
1533 3612 1671 3664 voro
1714 3611 1948 3680 pognae
1994 3611 2067 3663 no
2111 3606 2205 3662 tri·
2250 3619 2307 3664 30

132 3714 387 3787 umphum
431 3710 677 3788 quidem
719 3712 857 3786 ogit.
963 3711 1084 3766 Eos
1127 3708 1283 3765 enim
1330 3692 1471 3763 civis
1515 3710 1713 3778 pogna
1758 3703 1853 3758 illa
1899 3702 2208 3759 sustulerat

134 3810 312 3887 quibus
340 3817 463 3872 non
493 3809 676 3871 modo
698 3815 838 3869 vivis
868 3806 974 3868 sed
1007 3806 1185 3868 etiam
1212 3803 1534 3863 victoribus
1565 3799 1875 3861 incolumis
1907 3808 1965 3855 et
1995 3798 2208 3858 florons
