2719 4161
322 1510 326 1513 ·
396 1497 452 1527 10

398 1974 448 2020 15

395 2475 452 2505 20

393 2954 446 3003 25

499 229 641 298 234
1056 219 1483 276 ORATIONS
1544 219 1650 274 OF
1709 217 2014 275 CICERO

590 420 824 480 Ligarius
855 422 951 467 has
982 432 1015 466 a
1042 420 1213 466 better
1241 432 1361 467 case
1390 421 1518 467 than
1549 420 1712 467 either
1738 419 1933 466 Tubero
1962 430 2015 465 or
2041 415 2248 477 myself,
2275 419 2369 476 yet
2398 428 2488 476 you

1282 489 1414 534 have
1445 489 1691 547 pardoned
1721 500 1802 534 us.

577 600 694 658 ΙΙΙ.
727 597 884 658 Vide
912 617 1092 674 quam
1122 604 1241 656 non
1261 598 1642 656 reformidem
1665 619 1681 669 ;
1712 597 1850 656 vide
1872 607 2092 672 quanta
2109 597 2208 653 lfix
2235 595 2562 653 liberalitatis

495 706 555 755 et
596 697 917 772 sapientiae
960 705 1097 754 tuae
1137 696 1279 753 mihi
1322 695 1485 771 apud
1528 701 1588 753 te
1631 695 1856 753 dicenti
1893 694 2209 753 oboriatur.
2295 694 2563 767 Quantum

494 800 723 870 potero,
770 800 916 852 voce
965 792 1327 852 contendam
1375 803 1438 850 ut
1485 794 1600 851 hoc
1646 794 1899 868 populus
1945 794 2248 850 Romanus
2305 790 2564 849 exaudiat.

494 894 782 968 Suscepto
823 892 998 963 bello,
1044 891 1281 963 Caesar,
1319 896 1488 966 gesto
1531 891 1711 948 etiam
1755 909 1829 949 ex
1871 899 2036 965 parte
2081 895 2314 965 magna,
2341 889 2493 946 millai
2525 895 2566 944 vi

495 996 736 1048 coactus
781 989 1002 1046 iudicio
1048 1007 1118 1045 ac
1146 989 1451 1046 voluntate
1496 989 1591 1047 ad'
1618 1007 1688 1046 ea
1728 1006 1890 1047 arma
1933 987 2235 1062 profectus
2277 1005 2406 1044 sum
2444 1004 2567 1061 quae
2639 1029 2640 1032 η

497 1098 658 1146 erant
687 1092 924 1162 sfimpta
950 1091 1158 1143 contra
1187 1091 1263 1143 te,
1335 1085 1512 1160 Apud
1543 1104 1722 1160 quem
1752 1086 1926 1161 igitur
1955 1086 2070 1143 ho'c
2100 1084 2240 1142 dico
2263 1086 2290 1141 ?
2362 1085 2568 1158 Nempe

494 1185 655 1261 apud
692 1203 828 1242 eum
857 1190 977 1259 qui,
1017 1202 1156 1241 cum
1199 1183 1314 1241 hoc
1358 1190 1554 1255 sciret,
1587 1193 1784 1240 tamen
1827 1187 1924 1241 me
1966 1192 2288 1257 antequam
2320 1180 2478 1253 vidit,
2503 1187 2568 1237 rei

494 1282 765 1357 publicae
820 1280 1084 1339 reddidit
1105 1301 1123 1353 3
1193 1287 1296 1355 qui
1351 1280 1428 1337 ad
1472 1286 1570 1338 me
1612 1299 1684 1338 ex
1726 1283 1999 1356 Aegypto
2046 1280 2272 1337 litteras
2322 1280 2486 1350 misit,
2522 1289 2570 1335 ut

495 1397 685 1438 essem
738 1378 900 1436 idem
956 1385 1057 1453 qui
1113 1378 1392 1449 fuissem;
1455 1385 1558 1453 qui
1614 1396 1751 1435 cum
1806 1378 1933 1453 ipse
1981 1378 2309 1451 imperator
2361 1377 2419 1434 in
2469 1380 2571 1434 t6t6

493 1477 743 1551 imperio
799 1475 1004 1551 populi
1061 1477 1320 1533 Romani
1375 1457 1525 1533 finus
1581 1485 1753 1548 esset,
1798 1494 1927 1533 esse
1970 1480 2067 1533 me
2110 1474 2360 1532 alterum
2401 1491 2571 1549 passus

495 1584 582 1632 est
603 1596 620 1647 3
664 1580 700 1632 Ξ
737 1579 874 1649 quo,
911 1575 1027 1631 hoc
1070 1573 1202 1647 ipso
1245 1573 1315 1631 C.
1357 1574 1549 1630 Pansa
1584 1573 1727 1629 mihi
1768 1572 2424 1647 nfintium'perser'ente,
2455 1589 2569 1627 con-

494 1677 691 1730 cessos
730 1672 902 1730 fascis
933 1672 1224 1728 laureatos
1260 1677 1442 1741 tenui,
1472 1670 1674 1744 quoad
1710 1669 2002 1728 tenendos
2038 1675 2281 1743 putavi;
2326 1676 2423 1744 qui
2454 1668 2571 1725 mihi

494 1779 618 1827 tum
650 1769 910 1843 denique
939 1773 1003 1826 se
1033 1769 1282 1825 saliitem
1312 1767 1541 1843 putavit
1570 1765 1820 1825 reddere
1850 1774 1898 1825 si
1928 1786 2061 1825 eam
2091 1766 2265 1825 nfillis
2296 1767 2572 1842 spoliatam

494 1873 852 1925 ornamentis
881 1864 1160 1924 dedisset.

571 1964 744 2034 Vide,
775 1968 1015 2038 quaeso,
1044 1963 1304 2034 Tfibero,
1334 1972 1401 2021 ut
1429 1970 1532 2038 qui
1565 1962 1644 2021 de
1679 1968 1816 2021 meo
1853 1963 2012 2021 facto
2046 1968 2170 2021 non
2204 1962 2484 2032 dubitem,
2510 1960 2571 2017 de

496 2063 689 2138 Ligari
729 2067 851 2119 non
901 2060 1153 2120 audeam
1205 2061 1493 2119 confiteri.
1577 2063 1773 2137 Atque
1821 2061 1969 2120 haec
2019 2067 2344 2137 propterea
2386 2061 2459 2119 de
2498 2062 2571 2116 me

493 2160 631 2232 dixi,
660 2171 724 2218 ut
769 2160 910 2217 mihi
952 2160 1210 2230 Tfibero,
1242 2178 1381 2216 cum
1425 2159 1502 2217 de
1543 2165 1608 2217 se
1652 2159 1864 2218 eadem
1908 2159 2193 2231 dicerem,
2235 2165 2571 2234 ignoscerem

494 2260 659 2316 cuius
704 2277 814 2333 ego
857 2257 1176 2315 industriae
1221 2257 1559 2332 gloriaeque
1596 2257 1765 2314 faveo
1799 2257 1893 2314 vel
1927 2266 2172 2332 propter
2206 2257 2572 2332 propinquam

493 2357 914 2431 cognationem
967 2356 1060 2413 vel
1108 2354 1272 2429 quod
1329 2355 1453 2412 eius
1509 2354 1748 2429 ingenio
1806 2354 2132 2428 studiisque
2189 2353 2455 2412 delector
2500 2351 2573 2407 vel

493 2454 655 2529 quod
699 2452 934 2510 laudem
975 2452 1367 2510 adulescentis
1401 2453 1723 2527 propinqui
1763 2452 2033 2510 existimo
2072 2451 2254 2509 etiam
2286 2451 2364 2510 ad
2402 2467 2573 2508 meum

493 2552 749 2626 aliquem
782 2552 1031 2608 friictum
1060 2548 1413 2607 redundare.

573 2648 689 2708 Sed
733 2649 848 2706 hoc
891 2653 1146 2723 quaero:
1206 2648 1336 2722 quis
1380 2658 1550 2722 putat
1592 2666 1722 2706 esse
1763 2655 1988 2706 crimen
2031 2648 2207 2706 fuisse
2251 2648 2315 2705 in
2357 2634 2575 2705 Kfriczi?

494 2749 731 2822 Nempe
758 2747 808 2804 is
836 2752 938 2821 qui
965 2756 1025 2803 et
1055 2745 1179 2820 ipse
1210 2745 1270 2803 in
1294 2745 1508 2803 eadem
1531 2731 1729 2803 Kfrica
1757 2732 1885 2803 esse
1914 2746 2116 2817 voluit,
2148 2755 2209 2803 et
2239 2745 2574 2820 prohibitum

492 2851 555 2903 se
584 2839 619 2903 Ξ
650 2844 880 2919 Ligario
909 2843 1189 2918 queritur,
1222 2853 1282 2900 et
1311 2848 1476 2901 certe
1512 2849 1719 2901 contr‘zi
1752 2844 1946 2918 ipsum
1977 2844 2298 2902 Caesarem
2336 2853 2423 2901 est
2455 2859 2573 2900 con-

493 2961 721 3018 gressus
766 2947 1040 2999 armatus.
1127 2940 1289 3014 Quid
1334 2941 1492 2998 enim
1539 2951 1670 2999 tuus
1716 2941 1832 3013 ille,
1874 2941 2133 3012 Tfibero,
2180 2941 2485 3000 destrictus
2522 2939 2572 2994 in

478 3040 620 3099 'acie
665 3039 998 3096 Pharsalica
1037 3037 1265 3114 gladius
1309 3039 1524 3114 agebat
1546 3040 1574 3096 Ρ
1656 3039 1838 3097 Cfiius
1877 3038 2028 3097 latus
2062 3039 2159 3096 ille
2196 3043 2403 3097 mucro
2434 3041 2572 3112 pete-

577 3225 596 3260 1
609 3247 621 3260 .
659 3223 838 3273 quam
862 3223 1009 3260 non:
1049 3211 1158 3258 how
1175 3211 1311 3260 little.
1390 3212 1434 3262 8.
1477 3225 1559 3262 ex
1578 3250 1590 3262 .
1608 3249 1620 3261 .
1643 3250 1653 3261 .
1672 3213 1928 3263 litteras:
1970 3213 2047 3261 for
2065 3219 2153 3262 ten
2172 3213 2379 3262 anxious
2395 3209 2571 3261 months

498 3288 827 3353 (November,
862 3287 928 3348 48
955 3299 1054 3335 B.c.
1090 3294 1142 3335 to
1181 3287 1492 3351 September,
1516 3301 1581 3352 47
1607 3289 1740 3351 B.C.)
1766 3289 1943 3338 Cicero
1978 3289 2081 3337 had
2116 3290 2329 3338 awaited
2366 3296 2415 3338 at
2439 3289 2570 3336 Brun·

492 3366 674 3414 disium
697 3364 923 3413 Caesar's
949 3364 1173 3411 decision
1199 3380 1253 3411 as
1278 3373 1330 3412 to
1355 3365 1432 3413 his
1455 3364 1794 3429 punishment.
1871 3365 2054 3414 Caesar
2079 3373 2130 3413 at
2154 3365 2261 3414 that
2286 3366 2404 3413 time
2425 3362 2570 3411 wasin

494 3443 674 3506 Egypt,
711 3440 942 3507 engaged
978 3440 1030 3487 in
1064 3440 1149 3487 the
1188 3440 1528 3490 Alexandrian
1563 3456 1683 3489 war.
1782 3453 1855 3488 10.
1897 3441 2182 3490 alterum:
2223 3457 2293 3489 se.
2336 3443 2568 3504 imperato·

492 3536 614 3567 rem.
688 3520 760 3565 As
785 3532 1033 3579 governor
1059 3517 1117 3563 os
1133 3517 1305 3564 Cilicia
1329 3517 1383 3564 in
1409 3529 1473 3581 50
1493 3529 1592 3564 B.C.
1620 3517 1797 3564 Cicero
1817 3516 1921 3564 had
1944 3517 2174 3566 subdued
2200 3533 2338 3565 some
2362 3515 2568 3580 plunder-

491 3596 580 3656 ing
602 3593 865 3641 mountain
893 3590 1045 3638 tribes
1071 3594 1167 3637 and
1196 3591 1297 3637 had
1322 3592 1453 3638 been
1478 3594 1680 3651 greeted
1716 3592 1780 3652 by
1804 3590 1882 3639 his
1905 3593 2113 3640 soldiers
2136 3592 2256 3641 with
2282 3593 2366 3641 the
2390 3591 2488 3640 title
2515 3587 2562 3635 os

495 3672 786 3731 imperator.
851 3678 928 3712 12.
955 3665 1290 3713 laureatos:
1320 3666 1777 3724 [aurel-zonatlzed,
1797 3667 1882 3714 the
1911 3668 2055 3716 mark
2086 3669 2143 3716 of
2172 3668 2259 3717 the
2301 3672 2557 3732 imperator.

504 3755 578 3807 15.
605 3742 764 3790 vide
791 3775 803 3790 .
828 3775 840 3789 .
867 3775 879 3787 .
910 3738 1219 3788 confiteri:
1259 3739 1486 3787 ironieal.
1503 3766 1569 3775 —
1586 3744 1683 3789 ut:
1720 3743 1845 3802 how,
1870 3742 2084 3791 indirect
2110 3743 2357 3807 question.
