<?xml version="1.0" encoding="UTF-8"?>
<!DOCTYPE html PUBLIC "-//W3C//DTD XHTML 1.0 Transitional//EN"
    "http://www.w3.org/TR/xhtml1/DTD/xhtml1-transitional.dtd">
<html xmlns="http://www.w3.org/1999/xhtml" xml:lang="en" lang="en">
 <head>
  <title>
</title>
<meta http-equiv="Content-Type" content="text/html;charset=utf-8" />
  <meta name='ocr-system' content='tesseract 3.04.00' />
  <meta name='ocr-capabilities' content='ocr_page ocr_carea ocr_par ocr_line ocrx_word'/>
</head>
<body>
  <div class='ocr_page' id='page_1' title='image "./tenorationswith00mincgoog_0133.png"; bbox 0 0 2719 4161; ppageno 0'>
   <div class='ocr_carea' id='block_1_1' title="bbox 680 226 2227 312">
    <p class='ocr_par' dir='ltr' id='par_1_1' title="bbox 680 226 2227 312">
     <span class='ocr_line' id='line_1_1' title="bbox 680 226 2227 312; baseline 0.001 -27"><span class='ocrx_word' id='word_1_1' title='bbox 680 227 769 285; x_wconf 94' lang='lat' dir='ltr'>IN</span> <span class='ocrx_word' id='word_1_2' title='bbox 830 226 1300 285; x_wconf 88' lang='lat' dir='ltr'>CATILINAM</span> <span class='ocrx_word' id='word_1_3' title='bbox 1362 227 1670 284; x_wconf 91' lang='lat' dir='ltr'>TERTIA</span> <span class='ocrx_word' id='word_1_4' title='bbox 2094 239 2227 312; x_wconf 89' lang='lat'>109</span> 
     </span>
    </p>
   </div>
   <div class='ocr_carea' id='block_1_2' title="bbox 113 410 2328 1754">
    <p class='ocr_par' dir='ltr' id='par_1_2' title="bbox 113 410 2328 1754">
     <span class='ocr_line' id='line_1_2' title="bbox 114 410 2229 485; baseline 0.001 -19"><span class='ocrx_word' id='word_1_5' title='bbox 114 414 339 467; x_wconf 76' lang='lat' dir='ltr'>notent.</span> <span class='ocrx_word' id='word_1_6' title='bbox 454 410 597 468; x_wconf 94' lang='lat' dir='ltr'>Non</span> <span class='ocrx_word' id='word_1_7' title='bbox 638 410 719 467; x_wconf 88' lang='lat' dir='ltr'>illi</span> <span class='ocrx_word' id='word_1_8' title='bbox 757 410 976 467; x_wconf 69' lang='lat' dir='ltr'>millam</span> <span class='ocrx_word' id='word_1_9' title='bbox 1022 428 1150 469; x_wconf 89' lang='lat' dir='ltr'>esse</span> <span class='ocrx_word' id='word_1_10' title='bbox 1194 428 1317 468; x_wconf 90' lang='lat' dir='ltr'>rem</span> <span class='ocrx_word' id='word_1_11' title='bbox 1363 410 1682 485; x_wconf 83' lang='lat' dir='ltr'>piiblicam,</span> <span class='ocrx_word' id='word_1_12' title='bbox 1714 410 1818 469; x_wconf 93' lang='lat' dir='ltr'>sed</span> <span class='ocrx_word' id='word_1_13' title='bbox 1863 411 1922 467; x_wconf 92' lang='lat' dir='ltr'>in</span> <span class='ocrx_word' id='word_1_14' title='bbox 1966 417 2036 469; x_wconf 69' lang='lat' dir='ltr'>ea</span> <span class='ocrx_word' id='word_1_15' title='bbox 2076 429 2229 485; x_wconf 91' lang='lat' dir='ltr'>quae</span> 
     </span>
     <span class='ocr_line' id='line_1_3' title="bbox 117 507 2227 585; baseline 0.001 -20"><span class='ocrx_word' id='word_1_16' title='bbox 117 518 262 565; x_wconf 88' lang='lat' dir='ltr'>esset</span> <span class='ocrx_word' id='word_1_17' title='bbox 307 512 374 565; x_wconf 77' lang='lat' dir='ltr'>so</span> <span class='ocrx_word' id='word_1_18' title='bbox 422 526 551 565; x_wconf 91' lang='lat' dir='ltr'>esse</span> <span class='ocrx_word' id='word_1_19' title='bbox 598 508 911 582; x_wconf 76' lang='lat' dir='ltr'>principos,</span> <span class='ocrx_word' id='word_1_20' title='bbox 943 525 1136 582; x_wconf 90' lang='lat' dir='ltr'>neque</span> <span class='ocrx_word' id='word_1_21' title='bbox 1181 507 1333 565; x_wconf 89' lang='lat' dir='ltr'>hanc</span> <span class='ocrx_word' id='word_1_22' title='bbox 1375 509 1581 566; x_wconf 89' lang='lat' dir='ltr'>urbem</span> <span class='ocrx_word' id='word_1_23' title='bbox 1615 508 1996 584; x_wconf 71' lang='lat' dir='ltr'>conflagrare,</span> <span class='ocrx_word' id='word_1_24' title='bbox 2028 508 2133 567; x_wconf 91' lang='lat' dir='ltr'>sed</span> <span class='ocrx_word' id='word_1_25' title='bbox 2165 514 2227 585; x_wconf 78' lang='lat' dir='ltr'>so</span> 
     </span>
     <span class='ocr_line' id='line_1_4' title="bbox 113 605 2224 680; baseline 0.001 -19"><span class='ocrx_word' id='word_1_26' title='bbox 113 606 168 661; x_wconf 82' lang='lat' dir='ltr'>1&#39;n</span> <span class='ocrx_word' id='word_1_27' title='bbox 210 605 324 662; x_wconf 69' lang='lat' dir='ltr'>hac</span> <span class='ocrx_word' id='word_1_28' title='bbox 371 606 522 662; x_wconf 90' lang='lat' dir='ltr'>urbe</span> <span class='ocrx_word' id='word_1_29' title='bbox 570 606 775 663; x_wconf 76' lang='lat' dir='ltr'>fiorore</span> <span class='ocrx_word' id='word_1_30' title='bbox 820 606 1146 663; x_wconf 78' lang='lat' dir='ltr'>voluorunt.</span> <span class='ocrx_word' id='word_1_31' title='bbox 1232 608 1430 680; x_wconf 91' lang='lat' dir='ltr'><strong>Atque</strong></span> <span class='ocrx_word' id='word_1_32' title='bbox 1465 606 1596 663; x_wconf 87' lang='lat' dir='ltr'>illae</span> <span class='ocrx_word' id='word_1_33' title='bbox 1639 617 1837 664; x_wconf 90' lang='lat' dir='ltr'>tamen</span> <span class='ocrx_word' id='word_1_34' title='bbox 1867 611 2077 664; x_wconf 80' lang='lat' dir='ltr'>omnos</span> <span class='ocrx_word' id='word_1_35' title='bbox 2107 608 2224 665; x_wconf 91' lang='lat' dir='ltr'>dis-</span> 
     </span>
     <span class='ocr_line' id='line_1_5' title="bbox 114 704 2227 779; baseline 0.001 -19"><span class='ocrx_word' id='word_1_36' title='bbox 114 704 438 774; x_wconf 68' lang='lat' dir='ltr'>sonsionES,</span> <span class='ocrx_word' id='word_1_37' title='bbox 482 709 735 777; x_wconf 75' lang='lat' dir='ltr'>quarum</span> <span class='ocrx_word' id='word_1_38' title='bbox 792 704 948 761; x_wconf 69' lang='lat' dir='ltr'>milla</span> <span class='ocrx_word' id='word_1_39' title='bbox 1004 704 1245 762; x_wconf 87' lang='lat' dir='ltr'>exitium</span> <span class='ocrx_word' id='word_1_40' title='bbox 1306 711 1389 761; x_wconf 87' lang='lat' dir='ltr'>rei</span> <span class='ocrx_word' id='word_1_41' title='bbox 1441 704 1713 778; x_wconf 74' lang='lat' dir='ltr'>poblicae</span> <span class='ocrx_word' id='word_1_42' title='bbox 1755 706 2058 779; x_wconf 88' lang='lat' dir='ltr'>quaesivit,</span> <span class='ocrx_word' id='word_1_43' title='bbox 2102 705 2227 763; x_wconf 78' lang='lat' dir='ltr'>oius</span> 
     </span>
     <span class='ocr_line' id='line_1_6' title="bbox 115 801 2322 878; baseline 0.001 -20"><span class='ocrx_word' id='word_1_44' title='bbox 115 802 270 859; x_wconf 89' lang='lat' dir='ltr'>modi</span> <span class='ocrx_word' id='word_1_45' title='bbox 317 802 564 859; x_wconf 75' lang='lat' dir='ltr'>fuorunt</span> <span class='ocrx_word' id='word_1_46' title='bbox 607 812 669 859; x_wconf 94' lang='lat' dir='ltr'>ut</span> <span class='ocrx_word' id='word_1_47' title='bbox 710 807 831 859; x_wconf 92' lang='lat' dir='ltr'>non</span> <span class='ocrx_word' id='word_1_48' title='bbox 874 801 1353 859; x_wconf 67' lang='lat' dir='ltr'>reconciliatione</span> <span class='ocrx_word' id='word_1_49' title='bbox 1398 802 1758 860; x_wconf 88' lang='lat' dir='ltr'>concordiae</span> <span class='ocrx_word' id='word_1_50' title='bbox 1822 803 1927 861; x_wconf 89' lang='lat' dir='ltr'>sed</span> <span class='ocrx_word' id='word_1_51' title='bbox 1972 804 2225 861; x_wconf 91' lang='lat' dir='ltr'>interne·</span> <span class='ocrx_word' id='word_1_52' title='bbox 2299 829 2322 878; x_wconf 81' lang='lat'>5</span> 
     </span>
     <span class='ocr_line' id='line_1_7' title="bbox 113 899 2225 975; baseline 0.001 -19"><span class='ocrx_word' id='word_1_53' title='bbox 113 900 277 957; x_wconf 91' lang='lat' dir='ltr'>cione</span> <span class='ocrx_word' id='word_1_54' title='bbox 302 901 532 957; x_wconf 88' lang='lat' dir='ltr'>civium</span> <span class='ocrx_word' id='word_1_55' title='bbox 555 899 910 958; x_wconf 67' lang='lat' dir='ltr'>diifidica&#39;itae</span> <span class='ocrx_word' id='word_1_56' title='bbox 940 900 1071 958; x_wconf 90' lang='lat' dir='ltr'>sint.</span> <span class='ocrx_word' id='word_1_57' title='bbox 1160 901 1231 957; x_wconf 93' lang='lat' dir='ltr'>In</span> <span class='ocrx_word' id='word_1_58' title='bbox 1261 900 1376 957; x_wconf 93' lang='lat' dir='ltr'>hoc</span> <span class='ocrx_word' id='word_1_59' title='bbox 1399 912 1596 958; x_wconf 91' lang='lat' dir='ltr'>autem</span> <span class='ocrx_word' id='word_1_60' title='bbox 1622 904 1741 958; x_wconf 74' lang='lat' dir='ltr'>{ino</span> <span class='ocrx_word' id='word_1_61' title='bbox 1764 911 1899 975; x_wconf 91' lang='lat' dir='ltr'>post</span> <span class='ocrx_word' id='word_1_62' title='bbox 1921 900 2225 959; x_wconf 89' lang='lat' dir='ltr'>hominum</span> 
     </span>
     <span class='ocr_line' id='line_1_8' title="bbox 114 998 2230 1072; baseline 0.001 -18"><span class='ocrx_word' id='word_1_63' title='bbox 114 998 467 1055; x_wconf 86' lang='lat' dir='ltr'>memoriam</span> <span class='ocrx_word' id='word_1_64' title='bbox 514 999 772 1055; x_wconf 73' lang='lat' dir='ltr'>maximo</span> <span class='ocrx_word' id='word_1_65' title='bbox 817 998 1341 1072; x_wconf 75' lang='lat' dir='ltr'>crodolissimoque</span> <span class='ocrx_word' id='word_1_66' title='bbox 1387 998 1563 1070; x_wconf 91' lang='lat' dir='ltr'>bello,</span> <span class='ocrx_word' id='word_1_67' title='bbox 1594 998 1767 1072; x_wconf 67' lang='lat' dir='ltr'>quole</span> <span class='ocrx_word' id='word_1_68' title='bbox 1809 998 2031 1056; x_wconf 91' lang='lat' dir='ltr'>bellum</span> <span class='ocrx_word' id='word_1_69' title='bbox 2072 998 2230 1057; x_wconf 77' lang='lat' dir='ltr'>nolla</span> 
     </span>
     <span class='ocr_line' id='line_1_9' title="bbox 113 1095 2226 1171; baseline 0 -19"><span class='ocrx_word' id='word_1_70' title='bbox 113 1115 394 1170; x_wconf 90' lang='lat' dir='ltr'>umquam</span> <span class='ocrx_word' id='word_1_71' title='bbox 429 1096 705 1155; x_wconf 90' lang='lat' dir='ltr'>barbaria</span> <span class='ocrx_word' id='word_1_72' title='bbox 732 1115 868 1154; x_wconf 91' lang='lat' dir='ltr'>cum</span> <span class='ocrx_word' id='word_1_73' title='bbox 900 1101 1004 1154; x_wconf 66' lang='lat' dir='ltr'>sua</span> <span class='ocrx_word' id='word_1_74' title='bbox 1043 1106 1221 1171; x_wconf 91' lang='lat' dir='ltr'>gente</span> <span class='ocrx_word' id='word_1_75' title='bbox 1264 1097 1461 1171; x_wconf 86' lang='lat' dir='ltr'>gessit,</span> <span class='ocrx_word' id='word_1_76' title='bbox 1493 1101 1613 1170; x_wconf 93' lang='lat' dir='ltr'>quo</span> <span class='ocrx_word' id='word_1_77' title='bbox 1657 1097 1717 1153; x_wconf 91' lang='lat' dir='ltr'>in</span> <span class='ocrx_word' id='word_1_78' title='bbox 1761 1095 1917 1154; x_wconf 91' lang='lat' dir='ltr'>bello</span> <span class='ocrx_word' id='word_1_79' title='bbox 1951 1096 2045 1154; x_wconf 78' lang='lat' dir='ltr'>lox</span> <span class='ocrx_word' id='word_1_80' title='bbox 2079 1096 2226 1153; x_wconf 93' lang='lat' dir='ltr'>haec</span> 
     </span>
     <span class='ocr_line' id='line_1_10' title="bbox 114 1193 2229 1269; baseline 0.001 -20"><span class='ocrx_word' id='word_1_81' title='bbox 114 1193 213 1251; x_wconf 90' lang='lat' dir='ltr'>fuit</span> <span class='ocrx_word' id='word_1_82' title='bbox 255 1200 292 1251; x_wconf 75' lang='grc' dir='ltr'>Ξ</span> <span class='ocrx_word' id='word_1_83' title='bbox 329 1195 612 1265; x_wconf 92' lang='lat' dir='ltr'>Lentulo,</span> <span class='ocrx_word' id='word_1_84' title='bbox 655 1195 924 1264; x_wconf 69' lang='lat' dir='ltr'>Catilina,</span> <span class='ocrx_word' id='word_1_85' title='bbox 962 1194 1251 1269; x_wconf 77' lang='lat' dir='ltr'>Cethogo,</span> <span class='ocrx_word' id='word_1_86' title='bbox 1295 1194 1501 1252; x_wconf 87' lang='lat' dir='ltr'>Cassio</span> <span class='ocrx_word' id='word_1_87' title='bbox 1544 1194 1882 1265; x_wconf 78' lang='lat' dir='ltr'>constitota,</span> <span class='ocrx_word' id='word_1_88' title='bbox 1917 1205 1982 1251; x_wconf 94' lang='lat' dir='ltr'>ut</span> <span class='ocrx_word' id='word_1_89' title='bbox 2022 1198 2229 1252; x_wconf 75' lang='lat' dir='ltr'>omnos</span> 
     </span>
     <span class='ocr_line' id='line_1_11' title="bbox 115 1287 2328 1363; baseline 0.002 -19"><span class='ocrx_word' id='word_1_90' title='bbox 115 1294 206 1362; x_wconf 87' lang='lat' dir='ltr'>qui</span> <span class='ocrx_word' id='word_1_91' title='bbox 233 1288 398 1345; x_wconf 73' lang='lat' dir='ltr'>salvo.</span> <span class='ocrx_word' id='word_1_92' title='bbox 427 1288 576 1346; x_wconf 92' lang='lat' dir='ltr'>urbe</span> <span class='ocrx_word' id='word_1_93' title='bbox 608 1288 749 1346; x_wconf 91' lang='lat' dir='ltr'>salvi</span> <span class='ocrx_word' id='word_1_94' title='bbox 778 1306 908 1346; x_wconf 89' lang='lat' dir='ltr'>esse</span> <span class='ocrx_word' id='word_1_95' title='bbox 937 1297 1181 1363; x_wconf 86' lang='lat' dir='ltr'>possent</span> <span class='ocrx_word' id='word_1_96' title='bbox 1209 1289 1273 1344; x_wconf 92' lang='lat' dir='ltr'>in</span> <span class='ocrx_word' id='word_1_97' title='bbox 1293 1287 1550 1345; x_wconf 90' lang='lat' dir='ltr'>hostium</span> <span class='ocrx_word' id='word_1_98' title='bbox 1581 1287 1831 1345; x_wconf 87' lang='lat' dir='ltr'>numero</span> <span class='ocrx_word' id='word_1_99' title='bbox 1853 1287 2227 1359; x_wconf 77' lang='lat' dir='ltr'>docerentur,</span> <span class='ocrx_word' id='word_1_100' title='bbox 2273 1317 2328 1348; x_wconf 85' lang='lat'>10</span> 
     </span>
     <span class='ocr_line' id='line_1_12' title="bbox 117 1384 2227 1460; baseline 0 -19"><span class='ocrx_word' id='word_1_101' title='bbox 117 1385 190 1441; x_wconf 90' lang='lat' dir='ltr'>ita</span> <span class='ocrx_word' id='word_1_102' title='bbox 218 1390 314 1443; x_wconf 77' lang='lat' dir='ltr'>mo</span> <span class='ocrx_word' id='word_1_103' title='bbox 332 1391 514 1460; x_wconf 83' lang='lat' dir='ltr'>gessi,</span> <span class='ocrx_word' id='word_1_104' title='bbox 542 1385 818 1459; x_wconf 66' lang='lat' dir='ltr'>QuiritES,</span> <span class='ocrx_word' id='word_1_105' title='bbox 840 1396 903 1443; x_wconf 91' lang='lat' dir='ltr'>ut</span> <span class='ocrx_word' id='word_1_106' title='bbox 922 1387 1062 1443; x_wconf 90' lang='lat' dir='ltr'>salvi</span> <span class='ocrx_word' id='word_1_107' title='bbox 1086 1390 1293 1444; x_wconf 78' lang='lat' dir='ltr'>omnos</span> <span class='ocrx_word' id='word_1_108' title='bbox 1316 1386 1812 1443; x_wconf 69' lang='lat' dir='ltr'>conservaromini</span> <span class='ocrx_word' id='word_1_109' title='bbox 1834 1406 1849 1457; x_wconf 82' lang='lat'>3</span> <span class='ocrx_word' id='word_1_110' title='bbox 1882 1395 1942 1443; x_wconf 91' lang='lat' dir='ltr'>et</span> <span class='ocrx_word' id='word_1_111' title='bbox 1963 1403 2099 1442; x_wconf 87' lang='lat' dir='ltr'>curn</span> <span class='ocrx_word' id='word_1_112' title='bbox 2124 1384 2227 1442; x_wconf 93' lang='lat' dir='ltr'>ho-</span> 
     </span>
     <span class='ocr_line' id='line_1_13' title="bbox 118 1482 2228 1558; baseline -0 -18"><span class='ocrx_word' id='word_1_113' title='bbox 118 1488 224 1541; x_wconf 76' lang='lat' dir='ltr'>stos</span> <span class='ocrx_word' id='word_1_114' title='bbox 251 1490 438 1541; x_wconf 89' lang='lat' dir='ltr'>vestri</span> <span class='ocrx_word' id='word_1_115' title='bbox 468 1493 701 1541; x_wconf 90' lang='lat' dir='ltr'>tantum</span> <span class='ocrx_word' id='word_1_116' title='bbox 730 1483 948 1540; x_wconf 91' lang='lat' dir='ltr'>civium</span> <span class='ocrx_word' id='word_1_117' title='bbox 979 1483 1413 1557; x_wconf 77' lang='lat' dir='ltr'>superfutfirum</span> <span class='ocrx_word' id='word_1_118' title='bbox 1445 1489 1747 1558; x_wconf 66' lang='lat' dir='ltr'>putassent</span> <span class='ocrx_word' id='word_1_119' title='bbox 1776 1493 2061 1557; x_wconf 90' lang='lat' dir='ltr'>quantum</span> <span class='ocrx_word' id='word_1_120' title='bbox 2093 1482 2228 1539; x_wconf 74' lang='lat' dir='ltr'>inti-</span> 
     </span>
     <span class='ocr_line' id='line_1_14' title="bbox 118 1579 2229 1656; baseline 0 -20"><span class='ocrx_word' id='word_1_121' title='bbox 118 1587 263 1637; x_wconf 85' lang='lat' dir='ltr'>nitae</span> <span class='ocrx_word' id='word_1_122' title='bbox 288 1580 468 1639; x_wconf 88' lang='lat' dir='ltr'>caedi</span> <span class='ocrx_word' id='word_1_123' title='bbox 500 1581 824 1651; x_wconf 87' lang='lat' dir='ltr'>restitisset,</span> <span class='ocrx_word' id='word_1_124' title='bbox 846 1591 1074 1639; x_wconf 89' lang='lat' dir='ltr'>tantum</span> <span class='ocrx_word' id='word_1_125' title='bbox 1093 1591 1291 1638; x_wconf 90' lang='lat' dir='ltr'>autem</span> <span class='ocrx_word' id='word_1_126' title='bbox 1314 1579 1476 1638; x_wconf 92' lang='lat' dir='ltr'>urbis</span> <span class='ocrx_word' id='word_1_127' title='bbox 1496 1590 1781 1656; x_wconf 90' lang='lat' dir='ltr'>quantum</span> <span class='ocrx_word' id='word_1_128' title='bbox 1808 1580 2043 1638; x_wconf 90' lang='lat' dir='ltr'>flamma</span> <span class='ocrx_word' id='word_1_129' title='bbox 2063 1581 2229 1638; x_wconf 87' lang='lat' dir='ltr'>obire</span> 
     </span>
     <span class='ocr_line' id='line_1_15' title="bbox 122 1678 2191 1754; baseline 0 -19"><span class='ocrx_word' id='word_1_130' title='bbox 122 1683 233 1735; x_wconf 90' lang='lat' dir='ltr'>non</span> <span class='ocrx_word' id='word_1_131' title='bbox 263 1679 582 1754; x_wconf 90' lang='lat' dir='ltr'>potuisset,</span> <span class='ocrx_word' id='word_1_132' title='bbox 615 1687 676 1736; x_wconf 91' lang='lat' dir='ltr'>et</span> <span class='ocrx_word' id='word_1_133' title='bbox 704 1679 911 1737; x_wconf 90' lang='lat' dir='ltr'>urbem</span> <span class='ocrx_word' id='word_1_134' title='bbox 942 1689 1002 1736; x_wconf 92' lang='lat' dir='ltr'>et</span> <span class='ocrx_word' id='word_1_135' title='bbox 1032 1684 1171 1736; x_wconf 88' lang='lat' dir='ltr'>civis</span> <span class='ocrx_word' id='word_1_136' title='bbox 1200 1678 1460 1753; x_wconf 84' lang='lat' dir='ltr'>integros</span> <span class='ocrx_word' id='word_1_137' title='bbox 1490 1678 1921 1753; x_wconf 83' lang='lat' dir='ltr'>incolumisque</span> <span class='ocrx_word' id='word_1_138' title='bbox 1951 1683 2191 1736; x_wconf 69' lang='lat' dir='ltr'>servavi.</span> 
     </span>
    </p>
   </div>
   <div class='ocr_carea' id='block_1_3' title="bbox 128 1885 2335 3420">
    <p class='ocr_par' dir='ltr' id='par_1_3' title="bbox 165 1885 2177 2021">
     <span class='ocr_line' id='line_1_16' title="bbox 165 1885 2177 1947; baseline 0 -15"><span class='ocrx_word' id='word_1_139' title='bbox 165 1886 326 1935; x_wconf 80' lang='lat' dir='ltr'>Cicero</span> <span class='ocrx_word' id='word_1_140' title='bbox 357 1888 559 1935; x_wconf 79' lang='lat' dir='ltr'>desires</span> <span class='ocrx_word' id='word_1_141' title='bbox 591 1899 654 1934; x_wconf 87' lang='lat' dir='ltr'>no</span> <span class='ocrx_word' id='word_1_142' title='bbox 683 1888 876 1934; x_wconf 83' lang='lat' dir='ltr'>reward</span> <span class='ocrx_word' id='word_1_143' title='bbox 907 1889 1053 1934; x_wconf 83' lang='lat' dir='ltr'>other</span> <span class='ocrx_word' id='word_1_144' title='bbox 1080 1889 1207 1934; x_wconf 83' lang='lat' dir='ltr'>than</span> <span class='ocrx_word' id='word_1_145' title='bbox 1237 1889 1328 1933; x_wconf 79' lang='lat' dir='ltr'>the</span> <span class='ocrx_word' id='word_1_146' title='bbox 1359 1885 1585 1947; x_wconf 77' lang='lat' dir='ltr'>grateful</span> <span class='ocrx_word' id='word_1_147' title='bbox 1615 1887 1983 1934; x_wconf 79' lang='lat' dir='ltr'>remembrance</span> <span class='ocrx_word' id='word_1_148' title='bbox 2013 1885 2066 1934; x_wconf 83' lang='lat' dir='ltr'>of</span> <span class='ocrx_word' id='word_1_149' title='bbox 2094 1887 2177 1933; x_wconf 74' lang='lat' dir='ltr'>his</span> 
     </span>
     <span class='ocr_line' id='line_1_17' title="bbox 1003 1964 1347 2021; baseline -0.003 -12"><span class='ocrx_word' id='word_1_150' title='bbox 1003 1964 1347 2021; x_wconf 84' lang='lat' dir='ltr'>countrymen.</span> 
     </span>
    </p>

    <p class='ocr_par' dir='ltr' id='par_1_4' title="bbox 128 2071 2328 2344">
     <span class='ocr_line' id='line_1_18' title="bbox 196 2071 2328 2150; baseline 0.002 -20"><span class='ocrx_word' id='word_1_151' title='bbox 196 2074 298 2131; x_wconf 93' lang='lat' dir='ltr'>XI.</span> <span class='ocrx_word' id='word_1_152' title='bbox 361 2073 600 2146; x_wconf 90' lang='lat' dir='ltr'>Quibus</span> <span class='ocrx_word' id='word_1_153' title='bbox 644 2078 752 2148; x_wconf 92' lang='lat' dir='ltr'>pro</span> <span class='ocrx_word' id='word_1_154' title='bbox 795 2079 969 2131; x_wconf 88' lang='lat' dir='ltr'>tantis</span> <span class='ocrx_word' id='word_1_155' title='bbox 1012 2073 1203 2145; x_wconf 80' lang='lat' dir='ltr'>robus,</span> <span class='ocrx_word' id='word_1_156' title='bbox 1250 2072 1527 2146; x_wconf 78' lang='lat' dir='ltr'>Quiritos,</span> <span class='ocrx_word' id='word_1_157' title='bbox 1570 2071 1797 2131; x_wconf 77' lang='lat' dir='ltr'>nollum</span> <span class='ocrx_word' id='word_1_158' title='bbox 1842 2091 1953 2149; x_wconf 90' lang='lat' dir='ltr'>ego</span> <span class='ocrx_word' id='word_1_159' title='bbox 1995 2078 2032 2131; x_wconf 76' lang='grc'>’5,</span> <span class='ocrx_word' id='word_1_160' title='bbox 2070 2073 2235 2130; x_wconf 90' lang='lat' dir='ltr'>vobis</span> <span class='ocrx_word' id='word_1_161' title='bbox 2278 2102 2328 2150; x_wconf 73' lang='grc' dir='ltr'>ις</span> 
     </span>
     <span class='ocr_line' id='line_1_19' title="bbox 129 2171 2232 2246; baseline 0 -19"><span class='ocrx_word' id='word_1_162' title='bbox 129 2173 447 2243; x_wconf 87' lang='lat' dir='ltr'>praemium</span> <span class='ocrx_word' id='word_1_163' title='bbox 477 2172 727 2242; x_wconf 74' lang='lat' dir='ltr'>virtotis,</span> <span class='ocrx_word' id='word_1_164' title='bbox 750 2171 970 2228; x_wconf 67' lang='lat' dir='ltr'>millum</span> <span class='ocrx_word' id='word_1_165' title='bbox 998 2176 1224 2246; x_wconf 80' lang='lat' dir='ltr'>insigne</span> <span class='ocrx_word' id='word_1_166' title='bbox 1257 2171 1514 2241; x_wconf 89' lang='lat' dir='ltr'>honoris,</span> <span class='ocrx_word' id='word_1_167' title='bbox 1531 2171 1751 2228; x_wconf 69' lang='lat' dir='ltr'>millum</span> <span class='ocrx_word' id='word_1_168' title='bbox 1783 2181 2232 2229; x_wconf 87' lang='lat' dir='ltr'>monumentum</span> 
     </span>
     <span class='ocr_line' id='line_1_20' title="bbox 128 2268 2233 2344; baseline 0 -20"><span class='ocrx_word' id='word_1_169' title='bbox 128 2268 301 2326; x_wconf 89' lang='lat' dir='ltr'>laudis</span> <span class='ocrx_word' id='word_1_170' title='bbox 334 2270 597 2344; x_wconf 91' lang='lat' dir='ltr'>postulo,</span> <span class='ocrx_word' id='word_1_171' title='bbox 625 2280 1037 2343; x_wconf 88' lang='lat' dir='ltr'>praeterquam</span> <span class='ocrx_word' id='word_1_172' title='bbox 1068 2269 1239 2327; x_wconf 75' lang='lat' dir='ltr'>hoius</span> <span class='ocrx_word' id='word_1_173' title='bbox 1262 2268 1382 2326; x_wconf 78' lang='lat' dir='ltr'>dioi</span> <span class='ocrx_word' id='word_1_174' title='bbox 1413 2269 1759 2326; x_wconf 88' lang='lat' dir='ltr'>memoriam</span> <span class='ocrx_word' id='word_1_175' title='bbox 1790 2269 2233 2343; x_wconf 89' lang='lat' dir='ltr'>sempiternam.</span> 
     </span>
    </p>

    <p class='ocr_par' dir='ltr' id='par_1_5' title="bbox 131 2366 2335 3420">
     <span class='ocr_line' id='line_1_21' title="bbox 131 2366 2238 2442; baseline 0 -20"><span class='ocrx_word' id='word_1_176' title='bbox 131 2367 193 2423; x_wconf 94' lang='lat' dir='ltr'>In</span> <span class='ocrx_word' id='word_1_177' title='bbox 221 2367 435 2425; x_wconf 86' lang='lat' dir='ltr'>animis</span> <span class='ocrx_word' id='word_1_178' title='bbox 468 2385 581 2442; x_wconf 93' lang='lat' dir='ltr'>ego</span> <span class='ocrx_word' id='word_1_179' title='bbox 610 2372 814 2424; x_wconf 89' lang='lat' dir='ltr'>vestris</span> <span class='ocrx_word' id='word_1_180' title='bbox 854 2373 1048 2425; x_wconf 89' lang='lat' dir='ltr'>omnis</span> <span class='ocrx_word' id='word_1_181' title='bbox 1085 2366 1415 2441; x_wconf 88' lang='lat' dir='ltr'>triumphos</span> <span class='ocrx_word' id='word_1_182' title='bbox 1444 2370 1629 2437; x_wconf 81' lang='lat' dir='ltr'>meoS,</span> <span class='ocrx_word' id='word_1_183' title='bbox 1661 2367 1863 2424; x_wconf 88' lang='lat' dir='ltr'>omnia</span> <span class='ocrx_word' id='word_1_184' title='bbox 1891 2372 2238 2424; x_wconf 69' lang='lat' dir='ltr'>ornomenta</span> 
     </span>
     <span class='ocr_line' id='line_1_22' title="bbox 133 2463 2238 2539; baseline 0.001 -19"><span class='ocrx_word' id='word_1_185' title='bbox 133 2463 376 2536; x_wconf 91' lang='lat' dir='ltr'>honoris,</span> <span class='ocrx_word' id='word_1_186' title='bbox 409 2475 803 2522; x_wconf 88' lang='lat' dir='ltr'>monumenta</span> <span class='ocrx_word' id='word_1_187' title='bbox 844 2465 1081 2539; x_wconf 92' lang='lat' dir='ltr'>gloriae,</span> <span class='ocrx_word' id='word_1_188' title='bbox 1113 2464 1301 2523; x_wconf 92' lang='lat' dir='ltr'>laudis</span> <span class='ocrx_word' id='word_1_189' title='bbox 1334 2464 1585 2539; x_wconf 89' lang='lat' dir='ltr'>insignia</span> <span class='ocrx_word' id='word_1_190' title='bbox 1627 2464 1807 2522; x_wconf 89' lang='lat' dir='ltr'>condi</span> <span class='ocrx_word' id='word_1_191' title='bbox 1843 2474 1903 2522; x_wconf 92' lang='lat' dir='ltr'>et</span> <span class='ocrx_word' id='word_1_192' title='bbox 1941 2464 2238 2522; x_wconf 66' lang='lat' dir='ltr'>conlocari</span> 
     </span>
     <span class='ocr_line' id='line_1_23' title="bbox 133 2561 2335 2637; baseline 0.001 -21"><span class='ocrx_word' id='word_1_193' title='bbox 133 2562 267 2619; x_wconf 91' lang='lat' dir='ltr'>volo.</span> <span class='ocrx_word' id='word_1_194' title='bbox 357 2561 528 2620; x_wconf 90' lang='lat' dir='ltr'>Nihil</span> <span class='ocrx_word' id='word_1_195' title='bbox 572 2567 668 2620; x_wconf 78' lang='lat' dir='ltr'>mo</span> <span class='ocrx_word' id='word_1_196' title='bbox 712 2567 941 2620; x_wconf 74' lang='lat' dir='ltr'>motum</span> <span class='ocrx_word' id='word_1_197' title='bbox 985 2572 1183 2637; x_wconf 89' lang='lat' dir='ltr'>potest</span> <span class='ocrx_word' id='word_1_198' title='bbox 1226 2562 1546 2631; x_wconf 68' lang='lat' dir='ltr'>dolectare,</span> <span class='ocrx_word' id='word_1_199' title='bbox 1591 2561 1735 2618; x_wconf 91' lang='lat' dir='ltr'>nihil</span> <span class='ocrx_word' id='word_1_200' title='bbox 1786 2562 2050 2634; x_wconf 91' lang='lat' dir='ltr'>tacitum,</span> <span class='ocrx_word' id='word_1_201' title='bbox 2094 2561 2238 2619; x_wconf 87' lang='lat' dir='ltr'>nihil</span> <span class='ocrx_word' id='word_1_202' title='bbox 2278 2592 2335 2624; x_wconf 87' lang='lat'>20</span> 
     </span>
     <span class='ocr_line' id='line_1_24' title="bbox 136 2658 2236 2735; baseline 0 -19"><span class='ocrx_word' id='word_1_203' title='bbox 136 2658 379 2734; x_wconf 75' lang='lat' dir='ltr'>donique</span> <span class='ocrx_word' id='word_1_204' title='bbox 425 2660 553 2718; x_wconf 79' lang='lat' dir='ltr'>oius</span> <span class='ocrx_word' id='word_1_205' title='bbox 604 2659 771 2717; x_wconf 88' lang='lat' dir='ltr'>modi</span> <span class='ocrx_word' id='word_1_206' title='bbox 815 2659 978 2734; x_wconf 93' lang='lat' dir='ltr'>quod</span> <span class='ocrx_word' id='word_1_207' title='bbox 1027 2660 1205 2717; x_wconf 89' lang='lat' dir='ltr'>etiam</span> <span class='ocrx_word' id='word_1_208' title='bbox 1253 2660 1446 2717; x_wconf 90' lang='lat' dir='ltr'>minus</span> <span class='ocrx_word' id='word_1_209' title='bbox 1496 2659 1659 2735; x_wconf 89' lang='lat' dir='ltr'>digni</span> <span class='ocrx_word' id='word_1_210' title='bbox 1701 2659 1950 2734; x_wconf 89' lang='lat' dir='ltr'>adsequi</span> <span class='ocrx_word' id='word_1_211' title='bbox 1990 2660 2236 2735; x_wconf 91' lang='lat' dir='ltr'>possint.</span> 
     </span>
     <span class='ocr_line' id='line_1_25' title="bbox 139 2757 2236 2830; baseline 0 -17"><span class='ocrx_word' id='word_1_212' title='bbox 139 2757 419 2816; x_wconf 71' lang='lat' dir='ltr'>Memoria</span> <span class='ocrx_word' id='word_1_213' title='bbox 447 2763 661 2828; x_wconf 64' lang='lat' dir='ltr'>vestro,</span> <span class='ocrx_word' id='word_1_214' title='bbox 694 2757 972 2830; x_wconf 77' lang='lat' dir='ltr'>Quiritos,</span> <span class='ocrx_word' id='word_1_215' title='bbox 1004 2768 1239 2816; x_wconf 91' lang='lat' dir='ltr'>nostrae</span> <span class='ocrx_word' id='word_1_216' title='bbox 1283 2763 1376 2815; x_wconf 78' lang='lat' dir='ltr'>ros</span> <span class='ocrx_word' id='word_1_217' title='bbox 1421 2758 1667 2829; x_wconf 90' lang='lat' dir='ltr'>alentur,</span> <span class='ocrx_word' id='word_1_218' title='bbox 1700 2758 2069 2815; x_wconf 74' lang='lat' dir='ltr'>sermonibus</span> <span class='ocrx_word' id='word_1_219' title='bbox 2113 2762 2236 2815; x_wconf 80' lang='lat' dir='ltr'>cro-</span> 
     </span>
     <span class='ocr_line' id='line_1_26' title="bbox 139 2856 2236 2927; baseline 0 -16"><span class='ocrx_word' id='word_1_220' title='bbox 139 2866 307 2927; x_wconf 90' lang='lat' dir='ltr'>scent,</span> <span class='ocrx_word' id='word_1_221' title='bbox 330 2857 661 2917; x_wconf 66' lang='lat' dir='ltr'>litterarum</span> <span class='ocrx_word' id='word_1_222' title='bbox 693 2862 1091 2914; x_wconf 90' lang='lat' dir='ltr'>monumentis</span> <span class='ocrx_word' id='word_1_223' title='bbox 1122 2856 1553 2913; x_wconf 69' lang='lat' dir='ltr'>inveterascent</span> <span class='ocrx_word' id='word_1_224' title='bbox 1576 2865 1637 2914; x_wconf 92' lang='lat' dir='ltr'>et</span> <span class='ocrx_word' id='word_1_225' title='bbox 1664 2856 2199 2914; x_wconf 70' lang='lat' dir='ltr'>corroborabuntur</span> <span class='ocrx_word' id='word_1_226' title='bbox 2220 2876 2236 2927; x_wconf 90' lang='lat'>;</span> 
     </span>
     <span class='ocr_line' id='line_1_27' title="bbox 140 2953 2236 3029; baseline 0 -21"><span class='ocrx_word' id='word_1_227' title='bbox 140 2955 502 3029; x_wconf 88' lang='lat' dir='ltr'>eandemque</span> <span class='ocrx_word' id='word_1_228' title='bbox 535 2953 699 3011; x_wconf 90' lang='lat' dir='ltr'>diem</span> <span class='ocrx_word' id='word_1_229' title='bbox 729 2954 1030 3029; x_wconf 72' lang='lat' dir='ltr'>intellego,</span> <span class='ocrx_word' id='word_1_230' title='bbox 1060 2972 1241 3028; x_wconf 89' lang='lat' dir='ltr'>quam</span> <span class='ocrx_word' id='word_1_231' title='bbox 1284 2958 1460 3029; x_wconf 78' lang='lat' dir='ltr'>sporo</span> <span class='ocrx_word' id='word_1_232' title='bbox 1504 2964 1807 3012; x_wconf 89' lang='lat' dir='ltr'>aeternam</span> <span class='ocrx_word' id='word_1_233' title='bbox 1849 2954 1993 3025; x_wconf 88' lang='lat' dir='ltr'>fore,</span> <span class='ocrx_word' id='word_1_234' title='bbox 2022 2958 2236 3028; x_wconf 66' lang='lat' dir='ltr'>propo-</span> 
     </span>
     <span class='ocr_line' id='line_1_28' title="bbox 141 3050 2334 3130; baseline 0.003 -23"><span class='ocrx_word' id='word_1_235' title='bbox 141 3056 321 3124; x_wconf 64' lang='lat' dir='ltr'>gotam</span> <span class='ocrx_word' id='word_1_236' title='bbox 365 3070 497 3110; x_wconf 90' lang='lat' dir='ltr'>esse</span> <span class='ocrx_word' id='word_1_237' title='bbox 541 3062 602 3110; x_wconf 90' lang='lat' dir='ltr'>et</span> <span class='ocrx_word' id='word_1_238' title='bbox 644 3050 722 3109; x_wconf 95' lang='lat' dir='ltr'>ad</span> <span class='ocrx_word' id='word_1_239' title='bbox 773 3053 1021 3109; x_wconf 83' lang='lat' dir='ltr'>saliitem</span> <span class='ocrx_word' id='word_1_240' title='bbox 1067 3052 1224 3110; x_wconf 90' lang='lat' dir='ltr'>urbis</span> <span class='ocrx_word' id='word_1_241' title='bbox 1270 3062 1329 3109; x_wconf 91' lang='lat' dir='ltr'>et</span> <span class='ocrx_word' id='word_1_242' title='bbox 1372 3051 1449 3110; x_wconf 92' lang='lat' dir='ltr'>ad</span> <span class='ocrx_word' id='word_1_243' title='bbox 1506 3052 1855 3109; x_wconf 88' lang='lat' dir='ltr'>memoriam</span> <span class='ocrx_word' id='word_1_244' title='bbox 1902 3052 2240 3109; x_wconf 67' lang='lat' dir='ltr'>consulotos</span> <span class='ocrx_word' id='word_1_245' title='bbox 2282 3081 2334 3130; x_wconf 82' lang='lat'>25</span> 
     </span>
     <span class='ocr_line' id='line_1_29' title="bbox 144 3149 2237 3225; baseline 0.001 -21"><span class='ocrx_word' id='word_1_246' title='bbox 144 3155 264 3221; x_wconf 88' lang='lat' dir='ltr'>mei,</span> <span class='ocrx_word' id='word_1_247' title='bbox 306 3155 551 3225; x_wconf 75' lang='lat' dir='ltr'>finoque</span> <span class='ocrx_word' id='word_1_248' title='bbox 597 3158 870 3224; x_wconf 89' lang='lat' dir='ltr'>tempore</span> <span class='ocrx_word' id='word_1_249' title='bbox 913 3151 975 3207; x_wconf 92' lang='lat' dir='ltr'>in</span> <span class='ocrx_word' id='word_1_250' title='bbox 1016 3150 1128 3207; x_wconf 70' lang='lat' dir='ltr'>hac</span> <span class='ocrx_word' id='word_1_251' title='bbox 1172 3154 1233 3207; x_wconf 80' lang='lat' dir='ltr'>ro</span> <span class='ocrx_word' id='word_1_252' title='bbox 1275 3149 1516 3224; x_wconf 70' lang='lat' dir='ltr'>pobliczi</span> <span class='ocrx_word' id='word_1_253' title='bbox 1554 3150 1702 3207; x_wconf 90' lang='lat' dir='ltr'>duos</span> <span class='ocrx_word' id='word_1_254' title='bbox 1738 3155 1878 3207; x_wconf 91' lang='lat' dir='ltr'>civis</span> <span class='ocrx_word' id='word_1_255' title='bbox 1930 3150 2237 3219; x_wconf 89' lang='lat' dir='ltr'>exstitisse,</span> 
     </span>
     <span class='ocr_line' id='line_1_30' title="bbox 144 3247 2242 3321; baseline 0 -18"><span class='ocrx_word' id='word_1_256' title='bbox 144 3251 379 3319; x_wconf 91' lang='lat' dir='ltr'>quorum</span> <span class='ocrx_word' id='word_1_257' title='bbox 408 3249 558 3306; x_wconf 89' lang='lat' dir='ltr'>alter</span> <span class='ocrx_word' id='word_1_258' title='bbox 588 3247 617 3305; x_wconf 85' lang='lat' dir='ltr'>f</span> <span class='ocrx_word' id='word_1_259' title='bbox 621 3254 734 3305; x_wconf 90' lang='lat' dir='ltr'>inis</span> <span class='ocrx_word' id='word_1_260' title='bbox 761 3254 938 3305; x_wconf 90' lang='lat' dir='ltr'>vestri</span> <span class='ocrx_word' id='word_1_261' title='bbox 967 3248 1179 3321; x_wconf 89' lang='lat' dir='ltr'>imperi</span> <span class='ocrx_word' id='word_1_262' title='bbox 1206 3252 1331 3304; x_wconf 92' lang='lat' dir='ltr'>non</span> <span class='ocrx_word' id='word_1_263' title='bbox 1362 3257 1549 3305; x_wconf 90' lang='lat' dir='ltr'>terrae</span> <span class='ocrx_word' id='word_1_264' title='bbox 1593 3247 1700 3305; x_wconf 90' lang='lat' dir='ltr'>sed</span> <span class='ocrx_word' id='word_1_265' title='bbox 1729 3248 1878 3305; x_wconf 86' lang='lat' dir='ltr'>caeli</span> <span class='ocrx_word' id='word_1_266' title='bbox 1906 3247 2242 3321; x_wconf 90' lang='lat' dir='ltr'>regionibus</span> 
     </span>
     <span class='ocr_line' id='line_1_31' title="bbox 147 3344 2199 3420; baseline 0.001 -22"><span class='ocrx_word' id='word_1_267' title='bbox 147 3346 489 3418; x_wconf 74' lang='lat' dir='ltr'>termina&#39;ret,</span> <span class='ocrx_word' id='word_1_268' title='bbox 512 3346 661 3403; x_wconf 91' lang='lat' dir='ltr'>alter</span> <span class='ocrx_word' id='word_1_269' title='bbox 682 3344 950 3403; x_wconf 79' lang='lat' dir='ltr'>oiusdem</span> <span class='ocrx_word' id='word_1_270' title='bbox 981 3345 1192 3420; x_wconf 90' lang='lat' dir='ltr'>imperi</span> <span class='ocrx_word' id='word_1_271' title='bbox 1220 3344 1587 3402; x_wconf 90' lang='lat' dir='ltr'>domicilium</span> <span class='ocrx_word' id='word_1_272' title='bbox 1619 3344 1894 3418; x_wconf 77' lang='lat' dir='ltr'>sodisque</span> <span class='ocrx_word' id='word_1_273' title='bbox 1924 3349 2199 3402; x_wconf 67' lang='lat' dir='ltr'>servaret.</span> 
     </span>
    </p>
   </div>
   <div class='ocr_carea' id='block_1_4' title="bbox 381 3543 1981 3605">
    <p class='ocr_par' dir='ltr' id='par_1_6' title="bbox 381 3543 1981 3605">
     <span class='ocr_line' id='line_1_32' title="bbox 381 3543 1981 3605; baseline 0 -13"><span class='ocrx_word' id='word_1_274' title='bbox 381 3547 454 3592; x_wconf 84' lang='lat' dir='ltr'>He</span> <span class='ocrx_word' id='word_1_275' title='bbox 486 3546 712 3593; x_wconf 77' lang='lat' dir='ltr'>intrusts</span> <span class='ocrx_word' id='word_1_276' title='bbox 744 3545 826 3593; x_wconf 83' lang='lat' dir='ltr'>his</span> <span class='ocrx_word' id='word_1_277' title='bbox 856 3543 1035 3605; x_wconf 78' lang='lat' dir='ltr'>safety</span> <span class='ocrx_word' id='word_1_278' title='bbox 1065 3546 1163 3592; x_wconf 80' lang='lat' dir='ltr'>and</span> <span class='ocrx_word' id='word_1_279' title='bbox 1193 3544 1484 3603; x_wconf 79' lang='lat' dir='ltr'>reputation</span> <span class='ocrx_word' id='word_1_280' title='bbox 1513 3546 1568 3592; x_wconf 90' lang='lat' dir='ltr'>to</span> <span class='ocrx_word' id='word_1_281' title='bbox 1599 3546 1721 3605; x_wconf 82' lang='lat' dir='ltr'>good</span> <span class='ocrx_word' id='word_1_282' title='bbox 1752 3545 1981 3592; x_wconf 80' lang='lat' dir='ltr'>citizens.</span> 
     </span>
    </p>
   </div>
   <div class='ocr_carea' id='block_1_5' title="bbox 160 3653 2345 3829">
    <p class='ocr_par' dir='ltr' id='par_1_7' title="bbox 160 3653 2345 3829">
     <span class='ocr_line' id='line_1_33' title="bbox 225 3653 2243 3732; baseline 0 -20"><span class='ocrx_word' id='word_1_283' title='bbox 225 3656 355 3713; x_wconf 92' lang='lat' dir='ltr'><strong>XII.</strong></span> <span class='ocrx_word' id='word_1_284' title='bbox 413 3657 534 3716; x_wconf 90' lang='lat' dir='ltr'>Sed</span> <span class='ocrx_word' id='word_1_285' title='bbox 564 3657 848 3732; x_wconf 90' lang='lat' dir='ltr'>quoniam</span> <span class='ocrx_word' id='word_1_286' title='bbox 880 3662 1079 3714; x_wconf 81' lang='lat' dir='ltr'>e‘a&#39;rum</span> <span class='ocrx_word' id='word_1_287' title='bbox 1118 3662 1312 3714; x_wconf 80' lang='lat' dir='ltr'>rorum</span> <span class='ocrx_word' id='word_1_288' title='bbox 1343 3662 1487 3731; x_wconf 72' lang='lat' dir='ltr'>quas</span> <span class='ocrx_word' id='word_1_289' title='bbox 1528 3674 1640 3731; x_wconf 91' lang='lat' dir='ltr'>ego</span> <span class='ocrx_word' id='word_1_290' title='bbox 1680 3662 1834 3730; x_wconf 89' lang='lat' dir='ltr'>gessi</span> <span class='ocrx_word' id='word_1_291' title='bbox 1871 3661 1990 3712; x_wconf 92' lang='lat' dir='ltr'>non</span> <span class='ocrx_word' id='word_1_292' title='bbox 2032 3653 2243 3712; x_wconf 90' lang='lat' dir='ltr'>eadem</span> 
     </span>
     <span class='ocr_line' id='line_1_34' title="bbox 160 3753 2345 3829; baseline -0 -22"><span class='ocrx_word' id='word_1_293' title='bbox 160 3761 234 3808; x_wconf 90' lang='lat' dir='ltr'>est</span> <span class='ocrx_word' id='word_1_294' title='bbox 262 3755 489 3813; x_wconf 62' lang='lat' dir='ltr'>forti-ma</span> <span class='ocrx_word' id='word_1_295' title='bbox 519 3764 703 3829; x_wconf 89' lang='lat' dir='ltr'>atque</span> <span class='ocrx_word' id='word_1_296' title='bbox 731 3753 1010 3812; x_wconf 91' lang='lat' dir='ltr'>condicio</span> <span class='ocrx_word' id='word_1_297' title='bbox 1031 3772 1184 3829; x_wconf 92' lang='lat' dir='ltr'>quae</span> <span class='ocrx_word' id='word_1_298' title='bbox 1216 3754 1447 3812; x_wconf 88' lang='lat' dir='ltr'>illorum</span> <span class='ocrx_word' id='word_1_299' title='bbox 1472 3759 1572 3827; x_wconf 87' lang='lat' dir='ltr'>qui</span> <span class='ocrx_word' id='word_1_300' title='bbox 1595 3762 1836 3810; x_wconf 87' lang='lat' dir='ltr'>externa</span> <span class='ocrx_word' id='word_1_301' title='bbox 1866 3753 2021 3810; x_wconf 91' lang='lat' dir='ltr'>bella</span> <span class='ocrx_word' id='word_1_302' title='bbox 2048 3757 2242 3827; x_wconf 81' lang='lat' dir='ltr'>gesso·</span> <span class='ocrx_word' id='word_1_303' title='bbox 2288 3775 2345 3821; x_wconf 88' lang='lat'>30</span> 
     </span>
    </p>
   </div>
  </div>
 </body>
</html>
