2719 4161
455 222 496 277 α
507 222 596 301 52
1051 208 1416 273 LETTERS
1476 206 1583 268 oF
1641 204 1948 268 c1CERo

1459 421 1547 479 IV

484 568 571 617 Μ.
611 566 851 618 'rullius
889 565 958 616 Β.
1000 565 1076 616 D.
1116 564 1442 615 Terentiae
1483 561 1648 612 Suae
1687 564 1753 612 et
1787 559 2096 612 Tulliolae
2133 564 2199 611 et
2237 559 2516 611 Ciceroni

528 703 754 775 Accepi
785 699 861 756 ab
889 696 1238 756 Aristocrito
1274 701 1377 752 tris
1420 693 1716 768 epistulas,
1747 697 1892 767 quas
1927 709 2039 768 ego
2073 691 2329 749 lacrimis
2369 708 2544 766 prope

449 800 659 859 delEvi.
743 795 1043 856 Conficior
1089 793 1249 851 enim
1299 796 1582 863 maerore,
1617 808 1752 848 mea
1789 790 2087 862 Terentia,
2117 807 2232 848 nec
2267 807 2431 847 meae
2462 792 2546 846 me*

450 898 716 957 miseriae
760 895 943 971 magis
989 891 1329 950 excruciant
1358 909 1538 966 quam
1571 900 1706 947 tuae
1736 897 2103 962 vestraeque.
2190 888 2322 963 Ego
2360 890 2546 945 autem

449 998 563 1055 hoc
603 997 867 1054 miserior
895 1012 1022 1052 sum
1054 1010 1233 1067 quam
1262 995 1346 1062 tsi,
1383 1007 1537 1065 quae
1568 1006 1630 1047 es
1660 988 1999 1059 miserrima,
2029 987 2197 1063 quod
2239 987 2368 1063 ipsa
2405 988 2547 1046 cala·

387 1111 411 1160 5
451 1096 620 1154 ωἰῖεῖε
648 1095 980 1164 communis
1012 1104 1100 1152 est
1140 1097 1440 1165 utriusque
1480 1098 1747 1147 nostrum
1782 1088 1889 1147 sed
1930 1088 2106 1164 culpa
2148 1106 2287 1147 mea
2326 1088 2548 1164 propria

452 1204 557 1253 est.
642 1196 849 1252 Meum
899 1194 1006 1252 fuit
1056 1192 1318 1251 officium
1368 1190 1462 1247 vel
1510 1189 1805 1265 legatione
1851 1194 2033 1247 vItare
2090 1188 2418 1265 periculum
2465 1187 2548 1245 vel
2625 1237 2626 1242 ,

451 1291 754 1367 diligentia
781 1302 840 1349 et
870 1293 1059 1366 copiis
1093 1291 1364 1350 resistere
1394 1289 1488 1347 vel
1520 1288 1736 1347 cadere
1769 1288 2012 1346 fortiter.
2097 1290 2240 1346 Hoc
2277 1289 2546 1357 miserim,

452 1390 695 1464 turpiuS,
726 1389 1018 1465 indignius
1052 1390 1220 1448 nobis
1250 1389 1395 1447 nihil
1428 1389 1554 1447 fuit.
1641 1389 1778 1463 Qua
1800 1393 1862 1446 ΥΞ
1884 1406 2019 1446 cum
2044 1387 2255 1446 dolore
2277 1387 2551 1445 conficior

451 1498 575 1545 tum
617 1488 794 1546 etiam
839 1487 1086 1562 pudore.
1173 1487 1369 1547 Pudet
1407 1488 1565 1546 enim
1597 1492 1694 1546 m'e'
1720 1491 1889 1545 uxori
1917 1504 2087 1544 meae
2119 1486 2402 1561 optimae,
2431 1489 2546 1543 sua·

362 1609 416 1641 10
448 1585 693 1643 vissimis
722 1586 917 1643 liberis
945 1586 1223 1643 virtutem
1264 1594 1326 1643 et
1367 1585 1730 1661 diligentiam
1775 1590 1897 1643 non
1939 1584 2318 1659 praestitisse.
2404 1583 2550 1641 Nam

449 1684 595 1742 mihi
623 1693 762 1743 ante
792 1685 995 1742 oculos
1029 1682 1158 1742 dies
1195 1691 1503 1760 noctisque
1531 1690 1794 1744 versatur
1819 1684 2055 1761 squalor
2088 1693 2287 1741 vester
2315 1693 2376 1741 et
2402 1698 2548 1739 mae-

450 1800 547 1839 ror
585 1792 644 1839 et
682 1781 998 1839 infirmitas
1039 1782 1391 1840 valetudinis
1428 1793 1582 1862 tuae,
1621 1787 1768 1863 spes,
1794 1792 1992 1840 autem
2024 1781 2227 1839 salutis
2267 1778 2550 1857 pertenuis

450 1880 796 1938 ostenditur.
885 1879 1118 1937 Inimici
1161 1889 1295 1938 sunt
1340 1880 1526 1953 multi,
1570 1869 1758 1939 invidi
1798 1897 1993 1955 paene
2036 1883 2265 1937 omnES.
2353 1862 2548 1936 l-{ficere

453 1982 559 2035 nos
604 1983 882 2053 magnum
926 1976 1051 2049 fuit,
1085 1976 1401 2035 excludere
1431 1977 1599 2035 facile
1637 1987 1741 2036 est.
1828 1975 1948 2036 Sed
1992 1984 2194 2034 tamen
2237 1994 2417 2050 quam
2460 1973 2549 2033 diii

364 2092 414 2141 ις
451 2080 554 2134 vos
585 2075 743 2134 eritis
776 2075 835 2133 in
878 2079 1003 2151 spe,
1033 2079 1153 2134 no'n
1192 2074 1488 2150 deficiam,
1517 2080 1596 2135 ne
1635 2074 1841 2134 omnia
1881 2079 2017 2133 me'a
2057 2073 2237 2150 culpa
2276 2072 2548 2132 cecidisse

450 2173 776 2232 videantur.

531 2273 618 2331 Ut
646 2277 773 2330 tfitc’)
803 2272 932 2344 sim,
963 2271 1126 2346 quod
1154 2272 1399 2344 laboras
1434 2272 1498 2330 id
1526 2272 1673 2330 mihi
1701 2291 1859 2331 nunc
1885 2272 2227 2339 facillimum
2253 2280 2362 2344 est,
2385 2286 2548 2346 quem

454 2370 632 2430 etiam
675 2370 898 2427 inimici
924 2369 1130 2427 volunt
1157 2377 1352 2428 vivere
1389 2370 1448 2427 in
1485 2370 1572 2428 his
1614 2377 1792 2429 tantis
1833 2371 2099 2429 miseriis.
2187 2366 2326 2445 Ego
2366 2378 2550 2426 tamen

454 2468 664 2525 faciam
704 2485 856 2542 quae
899 2467 1211 2542 praecipiS.
1295 2470 1518 2527 Amicis
1559 2469 1773 2543 quibus
1814 2468 2050 2527 voluisti
2090 2471 2187 2543 Egi
2229 2467 2460 2543 gratias,
2500 2473 2549 2522 et

363 2592 420 2624 20
455 2572 554 2625 eas
596 2566 816 2624 litteras
859 2565 1141 2640 Dexippo
1183 2563 1345 2636 dedi,
1379 2571 1592 2639 meque
1626 2565 1705 2624 de
1736 2571 1941 2625 eorum
1974 2565 2175 2624 officio
2209 2571 2416 2640 scripsi
2441 2569 2476 2621 Ξ
2499 2566 2550 2620 te

455 2665 767 2722 certiorem
811 2681 939 2721 esse
982 2662 1223 2721 factum.
1310 2665 1589 2722 Pisonem
1623 2675 1886 2723 nostrum
1920 2664 2171 2722 mirifico
2209 2681 2343 2721 esse
2371 2660 2548 2720 studio

453 2763 514 2820 in
558 2767 668 2820 nos
715 2771 775 2819 et
820 2760 1018 2819 officio
1068 2770 1127 2818 et
1172 2779 1283 2836 ego
1326 2762 1624 2837 perspicio
1668 2771 1729 2819 et
1769 2766 1979 2820 omnes
2027 2760 2399 2836 praedicant.
2481 2760 2548 2816 Di

454 2861 640 2919 faxint
675 2868 741 2916 ut
774 2859 875 2916 ta'li
907 2863 1127 2933 genero
1163 2859 1306 2916 mihi
1342 2866 1641 2934 praesenti
1678 2864 1879 2917 tecum
1913 2859 2084 2918 simul
2113 2867 2179 2916 et
2205 2877 2346 2916 cum
2373 2858 2548 2916 liberis

454 2963 665 3015 nostris
714 2955 825 3013 frui
872 2956 1066 3014 liceat.
1173 2956 1350 3015 Nunc
1400 2962 1536 3031 spES
1585 2957 1811 3032 reliqua
1854 2965 1943 3017 est
1990 2956 2052 3015 in
2099 2963 2271 3015 novis
2321 2955 2549 3014 tribunis

364 3073 417 3122 25
456 3054 662 3130 plebiS,
693 3063 759 3112 et
793 3053 854 3110 in
897 3060 1099 3128 primis
1140 3053 1386 3128 quidem
1421 3053 1630 3113 diebus
1650 3075 1669 3128 3
1719 3073 1857 3112 nam
1891 3060 1941 3112 si
1972 3053 2333 3127 inveterarit‚
2369 3059 2547 3111 actum

539 3215 684 3264 Fam.
725 3227 799 3274 14.
837 3227 882 3276 3,
916 3213 1113 3262 written
1149 3220 1199 3263 at
1234 3214 1621 3277 Dyrrhachium,
1655 3215 1792 3265 Nov.
1828 3228 1907 3277 29,
1945 3213 2007 3280 58
2040 3226 2283 3265 B.c.—1.
2330 3213 2546 3263 Aristo-

458 3292 644 3341 crito:
700 3306 730 3338 a
778 3289 913 3338 slave
960 3291 1130 3352 acting
1163 3306 1219 3339 as
1264 3292 1575 3340 tabellarius.
1674 3305 1718 3339 2.
1772 3291 2000 3341 delevi:
2062 3292 2211 3340 made
2258 3290 2476 3356 illegible.
2492 3314 2548 3324 -

459 3380 504 3432 5.
536 3380 672 3417 mea
697 3404 709 3415 .
736 3403 749 3417 .
776 3403 789 3416 .
812 3370 935 3416 est:
978 3368 1021 3413 is
1054 3368 1130 3414 all
1161 3383 1244 3429 my
1277 3383 1407 3416 own.
1481 3380 1524 3430 7.
1566 3368 1734 3417 Hoc:
1774 3367 1871 3416 abl.
1907 3368 2027 3416 with
2063 3369 2149 3416 the
2186 3367 2560 3432 comparativa·

464 3456 538 3492 12.
572 3443 909 3504 pertenuis:
949 3458 1070 3505 very
1085 3443 1243 3507 slight.
1329 3457 1403 3506 13.
1439 3444 1680 3494 Bicere:
1719 3460 1788 3492 sc.
1812 3461 1874 3492 ex
1896 3443 2032 3493 urbe.
2108 3457 2183 3505 19.
2220 3457 2376 3506 quae
2398 3453 2546 3504 prae·

458 3520 645 3581 cipis:
693 3519 830 3567 what
852 3535 956 3580 you
986 3526 1185 3582 suggest.
1255 3532 1334 3568 20.
1374 3519 1690 3581 Dexippo:
1730 3536 1759 3567 a
1794 3520 1943 3568 slave.
2020 3532 2099 3568 21.
2133 3520 2394 3569 mirifico
2425 3529 2543 3568 esse

458 3595 694 3644 studio:
754 3594 908 3649 shows
951 3594 1240 3656 wonderful
1277 3596 1396 3643 zeal.
1489 3608 1566 3656 23.
1612 3596 1837 3643 faxint:
1899 3594 1982 3643 old
2030 3595 2158 3642 form
2204 3594 2282 3643 for
2324 3595 2541 3660 fecerint.

461 3682 539 3728 24.
580 3669 695 3716 frui
717 3668 930 3716 liceat:
955 3666 1054 3713 this
1076 3665 1198 3714 wish
1214 3683 1316 3715 was
1336 3676 1424 3716 not
1439 3676 1493 3716 to
1511 3670 1575 3717 be
1601 3670 1822 3718 fulfilled.
1893 3671 2006 3718 Piso
2023 3671 2140 3718 died
2156 3671 2332 3719 before
2346 3669 2543 3718 Cicero's

459 3750 647 3792 return.
721 3753 796 3806 25.
842 3752 980 3787 nam
1006 3776 1016 3787 .
1043 3774 1056 3788 .
1097 3775 1110 3788 .
1134 3744 1341 3789 actum
1367 3746 1491 3792 est:
1517 3746 1613 3809 for
1637 3747 1695 3810 zs
1706 3746 1783 3793 tlte
1806 3753 1990 3794 matter
2004 3746 2154 3811 drags
2176 3762 2259 3805 on,
2279 3746 2413 3794 allis
2433 3759 2540 3794 over.
