2719 4161
402 1908 455 1938 10

402 2397 451 2445 15

497 228 637 315 246
1100 236 1468 294 LETTERS
1514 236 1621 292 oF
1665 234 1972 292 CICERO

496 576 1107 649 EPISTULAE
1164 578 1313 648 AD
1366 564 2047 648 TERENTIAM
2113 574 2548 647 UXOREM

1535 758 1566 815 I

632 889 870 939 Tullius
911 889 977 939 S.
1019 889 1094 940 D.
1136 890 1466 962 Terentiae
1502 892 1569 939 et
1605 872 1847 938 Tulliae
1884 892 1950 939 et
1988 887 2280 938 Ciceroni
2319 886 2453 936 Suis

576 1011 706 1086 Ego
741 1012 934 1069 minus
968 1029 1148 1086 saepe
1182 1011 1263 1069 do
1301 1010 1380 1068 ad
1407 1015 1512 1068 vos
1542 1010 1764 1068 litteras
1795 1028 1972 1085 quam
2008 1027 2254 1084 possum
2290 1011 2564 1083 propterea

493 1107 654 1182 quod
690 1127 825 1166 cum
860 1109 1062 1167 omnia
1092 1109 1233 1166 mihi
1263 1118 1534 1183 tempora
1569 1118 1704 1165 sunt
1736 1108 1964 1179 misera,
1997 1117 2122 1165 tum
2158 1112 2301 1165 vero
2336 1124 2463 1163 cum
2491 1114 2564 1162 aut

492 1207 686 1264 scribo
715 1206 790 1264 ad
814 1212 916 1264 vos
939 1217 1040 1265 aut
1066 1212 1286 1265 vestras
1314 1206 1451 1282 lego
1479 1205 1766 1263 conficior
1794 1205 2048 1262 lacrimis
2078 1211 2161 1262 sic
2195 1215 2262 1262 ut
2304 1204 2445 1263 ferre
2474 1206 2566 1258 n6n

492 1304 733 1378 possim.
818 1304 997 1378 Quod
1040 1305 1264 1363 utinam
1310 1304 1504 1362 minus
1545 1310 1701 1361 vitae
1745 1303 1946 1377 cupidi
1990 1302 2343 1360 fuissemus!
2423 1301 2566 1359 Certe

493 1401 635 1459 nihil
664 1412 764 1460 aut
785 1407 907 1460 non
937 1403 1183 1460 multum
1212 1403 1272 1460 in
1301 1408 1422 1459 vita
1453 1402 1591 1458 mali
1618 1401 1986 1459 vidissemus.
2079 1400 2263 1474 Quod
2308 1406 2357 1458 si
2384 1403 2483 1456 nos
2510 1395 2567 1453 ad

492 1499 748 1573 aliquam
784 1501 1027 1557 alicuius
1057 1499 1359 1557 commodi
1400 1498 1719 1573 aliquando
1749 1498 2141 1574 recuperandi
2170 1516 2341 1573 spem
2372 1498 2568 1555 fortuna

491 1598 821 1669 reservavit,
854 1598 1042 1655 minus
1074 1607 1162 1656 est
1191 1603 1446 1655 erratum
1477 1602 1513 1655 Ξ.
1542 1598 1713 1655 nobis
1733 1617 1751 1669 3
1796 1603 1886 1654 sin
1917 1597 2064 1653 haec
2098 1597 2254 1654 mala
2292 1597 2417 1653 fixa
2446 1602 2568 1662 sunt,

492 1712 603 1770 ego
632 1700 771 1753 vero
802 1700 859 1753 te
878 1713 1055 1770 quam
1087 1702 1361 1769 primum,
1384 1712 1517 1752 mea
1543 1701 1679 1765 vita,
1702 1695 1881 1769 cupio
1905 1693 2105 1751 videre
2125 1704 2186 1751 et
2215 1694 2276 1751 in
2309 1698 2411 1751 tuo
2437 1710 2565 1749 com-

490 1792 668 1867 plexu
693 1798 896 1865 emori,
916 1794 1197 1867 quoniam
1220 1810 1415 1867 neque
1435 1792 1515 1865 di,
1537 1797 1687 1866 quos
1707 1796 1770 1849 τῦ
1789 1791 2115 1849 castissime
2135 1791 2389 1862 coluisti,
2408 1805 2567 1863 neque

491 1889 777 1961 hominES,
809 1891 1021 1963 quibus
1052 1908 1162 1964 ego
1193 1907 1428 1963 semper
1455 1896 1681 1962 servivi,
1711 1889 1883 1947 nobis
1912 1889 2162 1964 gratiam
2195 1890 2539 1947 rettulerunt.

572 1989 698 2045 Nos
742 1988 1036 2047 Brundisii
1080 1987 1237 2062 apud
1282 1989 1370 2046 M.
1408 1988 1696 2046 Laenium
1732 1988 2012 2045 Flaccum
2049 1986 2180 2044 dies
2218 2004 2327 2044 xm
2374 1986 2569 2054 fuimuS,

488 2087 677 2144 virum
721 2087 1030 2162 optimum,
1059 2093 1161 2161 qui
1191 2086 1519 2160 periculum
1562 2086 1926 2145 forn-marum
1969 2096 2030 2144 et
2071 2086 2288 2160 capitis
2332 2092 2419 2144 sui
2457 2099 2567 2160 prae

491 2191 624 2241 mea
665 2184 851 2242 salute
894 2184 1151 2259 neglexit
1179 2203 1376 2259 neque
1406 2185 1550 2260 legis
1580 2184 2050 2260 improbissimae
2079 2192 2281 2260 poena
2313 2185 2570 2245 deductus

490 2292 577 2339 est
620 2287 739 2357 quo
781 2284 973 2340 minus
1017 2283 1235 2357 hospiti
1278 2293 1337 2340 et
1381 2282 1674 2341 amicitiae
1717 2283 1806 2341 ius
1847 2283 2231 2358 officiumque
2261 2289 2567 2359 praestaret.

493 2380 654 2437 Huic
694 2381 918 2438 utinam
963 2380 1283 2455 aliquando
1323 2381 1570 2455 gratiam
1615 2380 1830 2440 referre
1874 2387 2169 2456 possimus
2189 2401 2208 2454 ;
2254 2382 2572 2441 habebimus

490 2476 733 2552 quidem
777 2497 1030 2552 semper.
1142 2478 1458 2536 Brundisio
1500 2477 1754 2553 profecti
1799 2497 1999 2537 sumus
2042 2497 2095 2537 a.
2126 2479 2187 2538 d.
2218 2497 2261 2537 11
2296 2481 2377 2539 K.
2417 2477 2570 2546 Mam

489 2592 598 2649 per
627 2575 1048 2634 Macedoniam
1079 2575 1362 2650 Cyzicum
1394 2577 1761 2650 petEba'muS.

572 2661 627 2733 ἶ)
674 2679 769 2731 me
817 2674 1154 2747 perditum!
1236 2659 1291 2732 ὅ
1335 2673 1682 2732 adflictum!
1767 2673 1928 2749 Quid
1983 2693 2144 2732 nunc
2188 2693 2399 2750 rogem
2437 2679 2490 2732 te
2524 2679 2573 2727 ut

489 2772 706 2843 veni’a‘S,
739 2772 1043 2829 mulierem
1072 2789 1307 2846 aegram
1338 2781 1399 2829 et
1426 2789 1676 2846 corpore
1707 2782 1768 2831 et
1794 2772 1995 2830 animo
2023 2772 2408 2831 confectam?
2459 2771 2574 2829 N6n

573 2928 717 2976 Fam.
743 2940 815 2987 14.
834 2941 882 2987 4,
905 2926 1101 2975 written
1126 2932 1176 2974 at
1200 2927 1536 2985 Brundisium,
1557 2927 1699 2991 April
1725 2941 1805 2990 29,
1825 2927 1887 2992 58
1906 2939 2019 2986 B.C.,
2038 2943 2093 2977 as
2117 2929 2297 2977 Cicero
2319 2945 2423 2978 was
2445 2928 2573 2976 about

491 3011 543 3053 to
579 3004 718 3051 leave
756 3003 883 3066 Italy
922 3010 975 3052 to
1021 3018 1088 3066 go
1126 3003 1232 3051 into
1269 3003 1573 3053 exile—S.
1602 3003 1709 3052 D.=
1753 3006 1960 3053 salutem
2000 3005 2138 3063 dicit,
2167 3007 2315 3068 gives
2353 3005 2570 3070 greeting-

496 3093 536 3129 1.
572 3080 681 3129 do:
720 3080 855 3128 send.
876 3106 936 3114 —
957 3092 1235 3140 possum:
1286 3081 1325 3127 I
1352 3080 1523 3144 might.
1612 3094 1661 3140 4.
1697 3079 1877 3140 Quod
1901 3117 1913 3129 .
1942 3117 1951 3129 .
1979 3116 1991 3129 .
2015 3080 2373 3130 fuissemus:
2424 3081 2573 3130 Cicero

490 3162 680 3218 regrets
709 3154 816 3203 that
848 3154 913 3203 he
943 3156 1029 3204 did
1060 3162 1149 3204 not
1178 3156 1384 3204 commit
1407 3155 1612 3213 suicide,
1638 3171 1693 3203 or
1727 3155 1944 3220 perhaps
1969 3155 2048 3204 his
2075 3157 2225 3205 meek
2255 3158 2513 3206 surrender
2532 3160 2573 3201 to
2645 3166 2646 3173 ¹

489 3232 711 3280 Clodius.
810 3231 855 3280 6.
901 3231 1178 3293 aliquam,
1228 3232 1506 3290 alicuius,
1552 3232 1908 3293 anquando:
1973 3231 2061 3281 the
2103 3233 2375 3297 repetition
2414 3233 2469 3281 of
2502 3229 2570 3278 the
2645 3256 2646 3259 =

489 3308 747 3356 indefinite
794 3308 948 3370 prefix
1000 3308 1096 3355 ali·
1149 3307 1397 3356 indicates
1452 3308 1671 3356 Cicero’s
1722 3309 1989 3356 weariness
2044 3311 2146 3358 and
2197 3317 2329 3358 utter
2384 3307 2569 3372 despair.
2645 3342 2646 3353 ,

489 3399 534 3447 9.
575 3384 920 3434 castissime
954 3383 1228 3432 coluisti:
1269 3384 1398 3432 have
1431 3384 1715 3447 worshiped
1742 3391 1866 3432 most
1880 3385 2170 3451 faithfully.
2259 3398 2336 3447 13.
2371 3395 2567 3447 poena:
2645 3448 2646 3453 1

489 3461 697 3508 Flaccus
737 3459 839 3508 had
881 3459 1191 3508 entertained
1238 3459 1414 3508 Cicero
1455 3466 1505 3508 at
1551 3461 1629 3508 his
1671 3466 1846 3518 estate,
1882 3460 2124 3523 although
2163 3460 2250 3509 the
2299 3462 2380 3510 lex
2427 3458 2568 3510 Clodia

488 3536 786 3586 threatened
819 3534 938 3583 with
974 3535 1100 3583 exile
1141 3536 1241 3583 and
1277 3537 1601 3584 confiscation
1638 3536 1695 3583 of
1731 3544 1967 3600 property
2000 3553 2097 3599 any
2132 3553 2229 3585 one
2263 3537 2382 3586 who
2416 3533 2568 3586 should

489 3614 601 3674 give
624 3610 809 3659 shelter
827 3617 880 3658 to
897 3608 983 3658 the
1005 3610 1201 3658 outlaw.
1275 3611 1348 3658 16.
1385 3611 1646 3671 profecti
1665 3624 1890 3670 sumus,
1913 3614 2300 3672 petebamus:
2332 3613 2569 3678 epistolary
2645 3632 2646 3665 ς

491 3695 657 3734 tenses
686 3687 768 3748 (=
786 3685 1090 3748 proficiscor,
1098 3685 1358 3745 petiturus
1376 3686 1537 3745 sum),
1559 3686 1636 3734 i.e.
1654 3693 1822 3734 tenses
1840 3689 1959 3735 used
1981 3688 2106 3736 from
2122 3688 2208 3736 the
2234 3689 2382 3751 point
2400 3689 2456 3738 of
2467 3690 2568 3737 view
2645 3712 2646 3723 κ

492 3761 549 3808 of
571 3760 658 3808 the
682 3761 859 3807 reader
883 3757 1048 3805 rather
1072 3757 1194 3804 than
1221 3757 1327 3805 that
1352 3759 1409 3806 of
1434 3759 1518 3807 the
1543 3761 1725 3809 writer.
1800 3774 1875 3823 19.
1907 3763 2277 3813 confectam:
2317 3765 2460 3812 tired
2473 3771 2554 3812 out.
