2719 4161
408 1359 462 1390 10

409 2037 459 2086 ι5

409 2538 464 2569 20

409 3020 461 3066 25

408 3510 465 3556 30

515 262 647 353 176
1079 275 1511 333 oRATIONs
1573 274 1679 331 oF
1738 273 2047 331 CICERO

505 458 745 516 sortasse
765 458 858 515 vix
880 467 1121 532 possent
1143 459 1409 531 frangere
1433 457 1689 514 hominis
1713 456 2147 513 scelerutissimi
2168 454 2588 512 corrubora'tam

504 556 617 611 iam
649 563 938 613 vetustute
972 555 1299 612 auduciam.

583 655 673 709 An
720 658 874 722 veru,
921 654 1164 721 iudices,
1210 657 1312 709 vus
1355 652 1463 710 suli
1519 651 1844 727 ignerutis?
1924 642 2046 708 Vus
2089 651 2358 724 hospites
2404 651 2464 706 in
2504 649 2610 726 haic¹

504 751 645 808 urbe
702 751 1053 807 versemini?
1148 751 1395 807 Vestrae
1440 756 1885 824 peregrinantur
1934 754 2101 806 aures
2150 767 2350 822 neque
2399 748 2461 804 in
2504 748 2596 803 huc

504 853 820 922 pervagutu
863 849 1113 905 civitutis
1158 853 1431 904 sermone
1474 859 1796 917 versantur,
1828 853 1974 921 queis
2018 848 2109 903 ille
2156 847 2334 920 leges,
2371 853 2422 903 si
2466 847 2598 919 leges

503 945 899 1003 nominandae
932 957 1064 1003 sunt
1104 964 1171 1001 ac
1219 950 1337 1002 nun
1376 946 1532 1004 faces
1565 946 1738 1014 urbiS,
1772 950 1967 1020 pestes
1999 951 2083 1001 rei
2112 945 2414 1018 publicae,
2449 944 2598 999 fuerit

504 1043 883 1117 impositurus
920 1043 1087 1100 nubis
1122 1043 1399 1101 omnibus
1444 1055 1621 1118 atque
1665 1044 2000 1099 inusturus?
2087 1042 2337 1112 Exhibe,
2372 1043 2596 1115 quaese,

504 1142 678 1198 Sexte
721 1141 911 1211 Cludi,
946 1141 1161 1198 exhibe
1205 1141 1502 1198 librurium
1547 1141 1689 1198 illud
1734 1141 1929 1214 legum
1975 1145 2317 1210 vestrumm,
2349 1137 2515 1213 quod
2554 1141 2599 1192 te

504 1240 667 1296 uiunt
712 1240 992 1312 Eripuisse
1026 1243 1060 1296 e
1100 1238 1285 1296 domu
1323 1253 1382 1296 et
1427 1258 1499 1295 ex
1544 1239 1751 1296 mediis
1788 1244 1964 1295 armis
2000 1238 2290 1311 turbuque
2328 1238 2600 1293 nocturni

507 1346 807 1410 tamquam
856 1335 1177 1393 Palladium
1225 1337 1518 1405 extulisse,
1559 1347 1622 1393 ut
1667 1336 2035 1410 praeclurum
2079 1334 2360 1392 videlicet
2408 1338 2599 1390 munus

503 1443 680 1507 atque
722 1439 1177 1491 instrumentum
1218 1435 1543 1491 tribunutus
1573 1434 1649 1490 ad
1681 1434 1956 1507 aliquem,
1988 1440 2035 1490 si
2067 1443 2277 1489 nactus
2307 1436 2489 1501 esses,
2517 1435 2599 1503 qui

504 1537 607 1588 tnu
636 1532 875 1589 arbitrie
908 1532 1267 1589 tribunutum
1299 1543 1547 1606 gereret,
1581 1530 1810 1588 deferre
1843 1535 2063 1605 posses,
2155 1532 2232 1587 Et
2262 1530 2493 1605 aspexit
2522 1530 2599 1583 nie

506 1630 613 1686 illis
657 1629 900 1703 quidem
954 1631 1137 1686 oculis
1181 1629 1393 1703 quibus
1437 1639 1561 1685 tum
1606 1630 1833 1686 solebat
1890 1647 2026 1685 cum
2083 1628 2361 1687 omnibus
2417 1625 2599 1684 omnia

505 1728 852 1785 minubutur.
943 1729 1149 1784 Movet
1181 1732 1276 1784 me
1305 1728 1527 1800 quippe
1559 1727 1754 1782 lumen
1788 1726 2005 1784 curiae.

765 1914 869 1960 But
899 1914 941 1960 it
973 1926 1085 1960 was
1117 1916 1171 1960 to
1201 1912 1369 1960 Milo’s
1401 1914 1618 1960 interest
1649 1915 1767 1960 that
1794 1883 1996 1959 clodius
2026 1913 2209 1960 should
2237 1914 2357 1959 live.

584 2026 760 2083 XIII.
799 2024 1002 2097 Quid?
1046 2027 1138 2083 Tu
1155 2030 1248 2083 me
1268 2025 1373 2084 tibi
1395 2030 1627 2095 initum,
1647 2026 1839 2096 Sexte,
1862 2029 2051 2098 pute-15,
2074 2025 2242 2080 cuius
2262 2029 2329 2082 tu
2348 2020 2599 2080 inimicis-

506 2125 718 2182 simum
750 2124 934 2181 multu
964 2125 1257 2181 crudelius
1294 2125 1475 2180 etiam
1506 2128 1742 2195 punitus
1772 2141 1834 2179 es
1862 2140 2039 2196 quam
2074 2134 2199 2179 erat
2238 2119 2596 2180 humunitzitis

506 2240 672 2279 meae
703 2222 1000 2295 postulure
1019 2224 1045 2278 ?
1125 2224 1216 2278 Tu
1245 2224 1300 2277 P.
1327 2219 1504 2277 Clodi
1528 2229 1839 2277 cruentum
1860 2219 2113 2277 caduver
2132 2220 2363 2277 eiecisti
2392 2219 2565 2277 domu
2579 2236 2593 2284 ,·

507 2325 570 2377 tu
614 2321 673 2376 in
717 2320 1018 2393 publicum
1062 2319 1329 2375 abiecisti
1352 2338 1368 2387 ;
1415 2322 1477 2374 tu
1522 2318 1836 2391 spoliatum
1881 2318 2268 2391 imaginibus„
2302 2315 2593 2391 exsequiis,

506 2424 745 2492 pompu,
778 2417 1131 2485 laudutiune,
1164 2416 1578 2472 infelicissimis
1610 2416 1776 2489 lignis
1818 2416 2269 2472 semiustilz'itum
2317 2418 2598 2474 nocturnis

506 2516 749 2571 canibus
807 2513 1211 2570 dilaniandum
1256 2514 1559 2586 reliquisti.
1646 2514 1781 2585 Qua]
1830 2518 1910 2584 re,
1957 2520 2069 2570 etsi
2128 2515 2352 2572 nefarie
2409 2513 2596 2577 fecisti,

507 2621 704 2668 tamen
763 2612 1044 2685 quoniam
1101 2611 1163 2667 in
1230 2616 1367 2668 meu
1426 2611 1666 2668 inimice
1724 2611 2139 2668 crudelitatem
2198 2611 2597 2687 exprumpsisti

507 2720 687 2780 tuam,
720 2708 954 2766 laudere
1000 2714 1116 2766 nun
1165 2727 1425 2783 possum,
1455 2714 1627 2766 irusci
1670 2713 1831 2765 certe
1874 2714 1995 2765 nun
2039 2709 2250 2767 debes).

586 2807 862 2875 AudistiS,
912 2806 1154 2875 iudiceS‚
1204 2816 1491 2880 quantum
1552 2806 1728 2865 Cludi
1787 2806 2117 2864 interfuerit
2175 2808 2378 2865 occidi
2445 2805 2596 2865 Milu-

506 2923 644 2961 nem
668 2903 690 2975 3'
755 2905 1081 2962 convertite
1139 2906 1369 2961 animus
1413 2923 1569 2962 nunc
1618 2904 1874 2961 vicissim
1922 2903 1999 2961 ad
2059 2906 2371 2963 Milunem.
2457 2898 2595 2976 Quid

507 3002 746 3058 Milonis
787 3002 1061 3060 intererat
1100 3002 1352 3059 interfici
1395 3002 1714 3061 Cludium?
1801 3003 1962 3076 Quid
2003 3014 2125 3060 erat
2165 3010 2269 3060 cur
2301 3007 2470 3073 Milo,
2501 3007 2599 3058 nun

504 3099 717 3169 dicam,
764 3099 1103 3157 admitteret
1148 3100 1253 3157 sed
1301 3101 1575 3174 opturet?
1657 3100 1988 3159 ‘Obstubat
2030 3101 2089 3157 in
2133 3106 2239 3173 spe
2282 3102 2597 3159 cunsulatus

508 3196 718 3253 Miluni
747 3197 1028 3254 Uedius!
1103 3199 1177 3253 At
1202 3203 1274 3254 eu
1299 3201 1663 3271 repugnante
1697 3198 1908 3269 fiebat,
1939 3198 2121 3256 immu
2151 3218 2292 3257 vero
2322 3219 2398 3258 eo
2429 3199 2596 3258 siebat

507 3295 709 3368 magiS,
731 3313 842 3351 nec
870 3300 963 3351 me
989 3295 1364 3369 stiffruguture
1390 3295 1629 3352 meliure
1650 3297 1922 3352 uteb’a'tur
1942 3310 2118 3370 quam
2134 3297 2372 3355 Clodio.
2442 3298 2591 3354 Vale·

507 3392 607 3449 bat
637 3392 795 3465 apud
822 3397 942 3462 vus,
974 3392 1218 3462 iudiceS,
1255 3392 1493 3449 Milunis
1525 3398 1661 3467 ergu
1692 3399 1786 3450 me
1824 3413 2065 3468 remque
2103 3396 2403 3469 publicam
2442 3393 2592 3453 meri-

509 3494 701 3547 turum
745 3490 1027 3547 memoria
1051 3510 1066 3559 ;
1111 3490 1385 3547 valebant
1429 3496 1636 3563 preces
1682 3501 1738 3548 et
1784 3492 2061 3549 lacrimae
2105 3502 2362 3565 nostrae,
2403 3494 2590 3569 quibus

508 3606 618 3662 ego
648 3598 768 3644 tum
795 3592 898 3644 vus
929 3586 1173 3643 mirifice
1205 3592 1428 3644 moveri
1458 3588 1786 3645 sentiebam
1809 3611 1825 3661 3
1872 3590 1977 3647 sed
2007 3591 2137 3664 plus
2169 3593 2356 3650 multu
2383 3591 2589 3649 valebat

508 3685 900 3760 periculurum
944 3683 1418 3758 impendentium
1465 3685 1655 3742 timor.
1744 3687 1891 3760 Quis
1923 3689 2079 3744 enim
2113 3698 2237 3746 erat
2267 3689 2478 3746 civium
2506 3690 2584 3760 qui

508 3782 617 3839 sibi
658 3782 909 3838 solutam
941 3783 1005 3837 P.
1037 3780 1212 3838 Cludi
1257 3786 1592 3854 praeturam
1634 3782 1759 3840 sine
1795 3785 2054 3842 muximu
2094 3791 2286 3843 rerum
2326 3792 2582 3843 novurum
