2719 4161
354 257 798 314 EPISTULAE
855 257 969 314 AD
1029 258 1533 315 TERENTIAM
1595 259 1955 317 UXOREM
2065 267 2204 342 249

82 447 285 498 tantis
324 446 433 497 tuis
484 440 730 498 miseriis
780 457 948 497 meae
999 440 1266 499 miseriae
1308 440 1705 499 subleventur.
1790 443 1949 501 Nam
1992 442 2070 500 ad
2113 447 2211 502 m‘e'

86 540 162 595 Ρ.
200 537 478 608 Valerius,
510 537 693 595 homo
721 536 1033 609 officiosuS,
1063 538 1313 612 scripsit,
1344 538 1408 596 id
1436 538 1600 613 quod
1628 556 1741 614 ego
1772 540 2030 598 maximo
2073 558 2212 598 cum

83 635 253 694 fleti-1
277 635 405 709 lEgi,
433 652 614 709 quem
643 634 721 692 ad
750 633 995 692 modum
1024 640 1060 693 Ξ.
1085 636 1300 694 Vestae
1324 634 1403 693 ad
1435 636 1696 694 tabulam
1715 636 2009 694 Valeriam
2033 637 2213 697 ducta

88 737 285 791 essEs.
369 734 550 804 Hem,
588 750 722 789 mea
761 732 877 803 lint,
918 750 1116 790 meum
1159 732 1539 805 desiderium,
1576 733 1737 791 unde
1779 740 1986 793 omnes
2029 755 2210 812 opem

88 841 314 905 petere
358 830 641 902 solebant,
672 834 730 887 te
758 848 934 902 nunc,
966 848 1099 887 mea
1124 831 1425 903 Terentia,
1457 837 1541 889 sic
1569 837 1782 903 vexari,
1815 840 1898 892 sic
1927 834 2120 893 iacere
2149 837 2214 893 in
2276 849 2300 898 5

94 928 363 986 lacrimis
391 938 450 985 et
477 927 747 986 sordibus
774 930 786 985 1
831 926 1021 1003 quue
1051 927 1179 986 fieri
1210 934 1346 986 mea
1374 929 1567 1004 culpa,
1591 937 1693 1005 qui
1730 936 1961 990 ceteros
1990 939 2213 992 servavi

88 1036 166 1085 ut
199 1032 308 1085 nos
330 1032 650 1102 periremus
678 1030 690 1085 Ξ

78 1132 85 1135 ’
187 1124 370 1197 Quod
397 1124 476 1182 de
505 1125 687 1182 domo
715 1125 938 1197 scribis,
963 1124 1078 1182 hoc
1102 1133 1191 1183 est
1221 1124 1300 1184 de
1328 1131 1483 1198 area,
1511 1145 1621 1203 ego
1642 1132 1784 1187 vero
1807 1138 1931 1186 tum
1954 1129 2213 1205 denique

98 1223 253 1281 mihi
279 1222 527 1282 videbor
556 1223 854 1281 restiti-itus
882 1230 932 1280 si
961 1223 1057 1280 illa
1086 1223 1256 1281 nobis
1298 1225 1406 1283 erit
1442 1226 1727 1284 restituta.
1808 1228 2029 1285 Verum
2065 1228 2214 1287 haec

100 1327 233 1380 non
260 1332 393 1380 sunt
420 1322 482 1380 in
509 1327 710 1380 nostra
738 1326 934 1379 manii.
1024 1321 1177 1379 Illud
1207 1321 1404 1393 doleo',
1437 1342 1589 1398 quae
1631 1325 1901 1400 impensa
1943 1325 2214 1385 facienda
2251 1345 2306 1376 10

100 1431 217 1493 est,
245 1421 307 1478 in
342 1421 466 1479 Eius
507 1431 738 1496 partem
782 1424 842 1478 te
885 1420 1158 1478 miseram
1204 1432 1265 1479 et
1306 1420 1698 1495 despoliatam
1726 1430 1945 1482 venire.
2031 1424 2214 1498 Quod

102 1526 152 1577 si
201 1520 512 1577 conficitur
558 1519 881 1594 negotium,
935 1520 1135 1577 omnia
1187 1525 1655 1594 consequemur3
1713 1528 1802 1579 sin
1848 1521 2061 1580 eadem
2106 1528 2214 1581 nos

101 1617 340 1675 fortiina
374 1626 627 1693 premet,
659 1617 916 1676 etiamne
947 1617 1217 1692 reliquias
1248 1624 1377 1676 tuas
1401 1619 1619 1692 ¹misera
1647 1620 1942 1694 proicies?
2023 1621 2213 1679 Obse-

110 1721 215 1774 cro
260 1721 344 1787 teg
388 1735 525 1776 mea
571 1723 707 1789 vita,
753 1715 917 1791 quod
973 1715 1049 1774 ad
1106 1722 1410 1792 sumptum
1461 1718 1688 1789 attinet,
1732 1717 1858 1775 sine
1907 1718 2069 1789 alios,
2113 1725 2216 1793 qui

105 1825 351 1889 possunt
407 1822 458 1873 si
512 1814 695 1873 modo
735 1815 956 1887 volunt,
999 1815 1284 1875 sustin‘e‘re
1342 1825 1405 1873 et
1451 1815 1851 1873 valetudinem
1909 1816 2078 1874 istam
2124 1823 2212 1874 in·
2252 1827 2302 1876 Ῑ5

108 1914 363 1987 sirmam,
395 1920 447 1972 si
474 1918 572 1972 me
600 1919 780 1986 amas,
810 1913 931 1971 noli
958 1919 1188 1972 vexare.
1273 1914 1432 1971 Nam
1474 1913 1621 1970 mihi
1662 1924 1799 1972 ante
1841 1915 2045 1973 oculo's
2089 1913 2215 1973 dies

109 2019 420 2089 noctisque
461 2012 745 2085 νει-851135
787 2018 980 2069 omnis
1010 2011 1239 2069 labores
1268 2015 1327 2069 te
1358 2010 1632 2087 excipere
1669 2011 1885 2083 vide63
1931 2012 2114 2070 timeo
2148 2017 2216 2070 ut

111 2113 410 2171 sustineas
496 2112 615 2170 Sed
650 2111 829 2170 video
870 2111 932 2168 in
975 2099 1035 2168 'te
1076 2128 1205 2168 esse
1248 2112 1467 2168 omnia.
1567 2110 1703 2181 Qua·
1737 2115 1798 2167 re
1845 2120 1908 2167 ut
1953 2110 2017 2168 id
2050 2111 2213 2185 quod

113 2216 304 2285 speras
347 2220 411 2269 et
451 2209 615 2285 quod
657 2209 779 2285 agis
822 2214 1272 2283 consequamur,
1314 2214 1470 2266 servi
1509 2207 1849 2265 valetudini.
1957 2210 2087 2284 Ego
2136 2209 2214 2267 ad

115 2314 255 2382 quos
287 2309 543 2368 scribam
572 2308 794 2379 nescio,
824 2307 936 2365 nisi
971 2306 1048 2365 ad
1085 2312 1189 2365 eos
1223 2312 1326 2381 qui
1353 2306 1432 2364 ad
1462 2310 1558 2364 me
1588 2306 1851 2364 scribunt
1879 2317 1980 2363 aut
2006 2307 2083 2365 ad
2113 2312 2215 2365 eos
2250 2326 2308 2357 20

115 2405 187 2464 de
230 2407 437 2481 quibus
479 2406 558 2464 ad
601 2411 697 2464 me
738 2410 841 2463 vos
883 2403 1104 2480 aliquid
1148 2404 1418 2463 scribitis.
1506 2404 1785 2479 Longius,
1808 2404 2089 2478 quoniam
2133 2405 2217 2462 ita

116 2505 271 2563 vobis
298 2506 515 2580 placet,
538 2509 659 2562 non
688 2502 991 2561 discedam
1016 2523 1033 2576 3
1077 2501 1185 2560 sed
1205 2501 1386 2560 velim
1414 2519 1593 2575 quam
1622 2502 1966 2575 saepissime
1994 2502 2216 2561 litteras

119 2603 369 2675 mittatis,
398 2601 745 2677 praesertim
773 2607 822 2659 si
843 2590 989 2676 quid¹
1011 2608 1100 2658 est
1129 2599 1361 2657 firmius
1392 2599 1555 2673 quod
1579 2603 1903 2673 sperEmuS.
1986 2601 2214 2673 Val'e'te,

122 2717 242 2759 mea
270 2699 584 2772 desideria,
607 2699 817 2758 valete.
903 2699 981 2756 D.
1005 2716 1057 2756 a.
1082 2697 1139 2756 d.
1162 2714 1224 2755 111
1247 2697 1408 2755 Non.
1429 2695 1566 2755 Oct.
1587 2696 2028 2755 Thessalonica.

193 2894 236 2944 3.
283 2895 321 2931 a
363 2882 622 2931 Vestae:
684 2895 754 2929 sc.
801 2880 933 2928 aede.
1043 2878 1244 2940 During
1300 2877 1519 2926 Cicero's
1574 2876 1700 2925 exile
1744 2877 1982 2927 Terentia
2034 2877 2218 2940 sought

123 2957 279 3020 refuge
312 2958 431 3006 with
466 2958 557 3006 her
591 2956 863 3005 half-sister
899 2955 1070 3012 Fabia,
1095 2970 1125 3003 a
1157 2953 1317 3003 vestal
1350 2953 1528 3015 virgin.
1600 2952 1767 3002 While
1798 2952 1921 3001 with
1950 2953 2056 3012 her,
2080 2952 2216 3002 how-

124 3047 241 3093 ever,
263 3035 352 3083 she
374 3049 478 3082 was
503 3033 672 3082 forced
697 3040 750 3082 to
773 3047 840 3094 go
862 3039 915 3081 to
938 3031 1027 3080 the
1051 3031 1185 3079 bank
1208 3031 1273 3096 of
1294 3031 1547 3087 Valerius,
1573 3029 1733 3077 either
1763 3037 1815 3077 to
1851 3029 1999 3077 make
2038 3029 2217 3079 formal

127 3109 415 3169 declaration
451 3109 762 3171 concerning
795 3109 886 3156 her
920 3107 1194 3156 husband's
1231 3112 1483 3170 property,
1510 3121 1566 3153 or
1600 3111 1654 3153 to
1690 3105 1803 3167 give
1839 3106 2054 3168 security
2078 3106 2154 3154 for
2188 3122 2219 3154 a

129 3185 245 3235 debt.
312 3201 358 3246 4.
405 3198 605 3235 meum
641 3184 1004 3234 desiderium
1024 3200 1036 3230 ε
1056 3199 1155 3246 φηγ
1183 3183 1376 3230 heart’s
1409 3182 1585 3230 desire.
1657 3193 1702 3246 5.
1738 3183 1968 3239 vexari,
1996 3182 2212 3242 iacere,

129 3260 264 3311 fleri:
311 3261 401 3319 inf.
441 3262 494 3310 in
534 3261 880 3309 exclamation.
966 3259 1012 3308 6.
1051 3259 1363 3308 sordibus:
1428 3259 1722 3321 mourning.
1808 3257 1855 3306 8.
1893 3270 2063 3306 area:
2112 3260 2217 3306 site.

128 3336 221 3387 The
262 3337 420 3395 house
458 3336 597 3386 itself
636 3337 739 3385 had
784 3337 914 3384 been
955 3335 1235 3397 destroyed.
1323 3347 1396 3382 10.
1445 3346 1600 3395 quae
1637 3370 1648 3381 .
1687 3370 1700 3382 .
1737 3371 1747 3382 .
1783 3336 1911 3382 est:
1968 3334 2220 3383 whatever

130 3422 315 3477 expense
336 3422 470 3463 must
491 3414 542 3462 be
567 3413 826 3461 incurred.
901 3424 975 3460 12.
1019 3411 1329 3472 negotium
1349 3426 1359 3456 :
1398 3409 1477 3458 his
1500 3409 1652 3457 recall
1679 3409 1805 3457 from
1830 3409 1972 3468 exile,
1992 3417 2043 3458 to
2069 3411 2219 3459 effect

132 3489 274 3538 which
298 3489 437 3539 there
455 3496 589 3539 must
611 3490 675 3537 be
693 3488 850 3536 lavish
871 3487 1236 3551 expenditures.
1312 3498 1386 3547 13.
1422 3485 1709 3547 reliquias
1726 3488 1895 3534 tuas:
1936 3487 2074 3534 what
2094 3487 2221 3534 little
2285 3534 2288 3537 .

133 3566 167 3612 is
185 3567 269 3632 lest
287 3583 404 3629 you.
486 3578 559 3626 14.
601 3565 766 3627 quod
796 3601 807 3612 .
838 3601 850 3613 .
881 3600 892 3612 .
923 3564 1176 3612 attinet:
1216 3578 1272 3610 as
1295 3578 1532 3610 concerns
1554 3562 2028 3625 expensa—eine:
2066 3563 2218 3625 impv.

135 3641 179 3689 of
217 3644 340 3690 sino.
436 3641 510 3690 16.
560 3652 816 3690 vexare:
868 3640 1127 3704 endanger
1165 3639 1222 3701 by
1259 3654 1447 3700 worry.
1532 3650 1609 3686 21.
1660 3637 1955 3698 Longius:
2007 3638 2086 3686 i.e.
2129 3646 2218 3686 not

136 3715 301 3766 further
336 3717 457 3766 than
486 3716 861 3769 Thessalonica.
931 3729 1010 3778 23.
1050 3714 1308 3773 firmius:
1349 3714 1414 3778 of
1432 3730 1465 3760 a
1491 3728 1626 3762 more
1649 3714 1996 3776 encouraging
2016 3720 2218 3763 nature.

136 3805 196 3856 24.
243 3795 345 3845 12.:
383 3794 519 3849 data.
940 3810 943 3811 ’
