2719 4161
437 1096 459 1145 5

404 1589 458 1621 10

404 2071 453 2119 Ῑ5

398 2569 455 2601 20

501 221 645 295 250
1077 211 1444 269 LETTERS
1504 210 1609 268 OF
1667 210 1977 269 CICERO

1507 427 1608 486 III

493 560 732 610 Tull-ius
770 560 1098 611 Terentiae
1137 559 1323 622 Suae,
1359 558 1665 608 Tulliolae
1703 558 1892 624 Suae,
1924 558 2210 609 Ciceroni
2248 558 2382 609 Suo
2420 559 2483 609 S.
2513 558 2571 608 D.

575 684 653 740 Et
696 682 902 740 litteris
948 681 1266 739 multorum
1317 690 1378 739 et
1423 685 1695 739 sermone
1741 681 2008 739 omnium
2058 680 2344 757 perfertur
2385 680 2462 739 ad
2500 684 2573 737 me

492 779 902 838 incredibilem
952 789 1115 837 tuam
1162 780 1443 837 virtutem
1494 788 1555 836 et
1606 777 2013 837 fortitudinem
2070 797 2200 838 esse
2255 782 2435 854 teque
2487 796 2574 834 nec

492 879 673 936 animi
707 895 902 952 neque
938 877 1203 952 corporis
1237 877 1536 936 laboribus
1568 875 1895 952 defatigari.
1981 878 2086 934 Μὲ
2114 876 2392 934 miserum
2420 880 2433 934 l
2506 878 2575 934 ΤΕ

492 976 603 1034 ista
655 976 887 1047 virtute,
946 974 1085 1046 fide,
1135 975 1453 1050 probitate,
1504 975 1870 1033 humanitate
1926 974 1989 1031 in
2045 980 2237 1033 tantas
2293 979 2578 1032 aerumnas

492 1084 736 1149 propter
764 1078 860 1131 me
889 1072 1183 1143 incidisse,
1220 1073 1656 1149 Tulliolamque
1700 1083 1981 1145 nostram,
2013 1091 2087 1130 ex
2115 1078 2235 1147 qut')
2269 1081 2437 1147 patre
2473 1082 2576 1129 tan-

492 1178 580 1230 tas
608 1173 936 1247 voluptates
982 1171 1277 1245 capiebat,
1309 1188 1384 1228 ex
1427 1176 1502 1229 εδ
1544 1176 1739 1229 tantos
1782 1171 2088 1246 percipere
2131 1170 2361 1229 lfictfis!
2445 1170 2578 1227 Nam

491 1270 637 1344 quid
666 1289 777 1346 ego
808 1268 885 1327 de
914 1268 1206 1327 Cicerone
1237 1268 1480 1326 dicam?
1547 1268 1670 1342 Qui
1697 1287 1835 1326 cum
1863 1274 2116 1343 primum
2143 1285 2355 1343 sapere
2382 1267 2576 1342 coepit,

492 1368 901 1427 acerbissimos
958 1366 1194 1424 dolores
1253 1366 1634 1441 miseriasque
1698 1366 1983 1441 percepit.
2069 1366 2241 1439 Quae
2298 1372 2365 1438 si,
2420 1370 2482 1424 εὖ
2528 1375 2579 1421 ut

493 1467 717 1537 scribiS,
762 1466 890 1523 fato
934 1465 1089 1524 facta
1129 1470 1421 1541 putarem,
1462 1466 1675 1523 ferrem
1720 1464 1897 1539 paulo
1939 1463 2206 1537 facilius;
2257 1464 2365 1524 sed
2406 1463 2580 1523 omnia

493 1574 628 1621 sunt
670 1570 805 1621 mea
846 1564 1022 1638 culpa
1063 1564 1399 1633 commissa,
1443 1568 1544 1636 qui
1584 1563 1661 1621 ab
1704 1562 1772 1620 iis
1815 1566 1910 1620 me
1952 1567 2137 1620 amari
2179 1562 2460 1637 putabam
2499 1566 2582 1635 qui

493 1661 851 1731 invidebant,
898 1666 998 1718 eos
1042 1666 1164 1718 non
1207 1660 1500 1735 sequ‘e‘bar
1540 1667 1644 1735 qui
1686 1661 1990 1735 petebant.
2077 1660 2262 1734 Quod
2306 1667 2355 1719 si
2394 1665 2578 1718 nostris

494 1760 746 1817 consiliis
790 1763 881 1816 fisi
923 1763 1203 1831 essEmus,
1233 1776 1432 1831 neque
1475 1758 1637 1833 apud
1678 1763 1786 1816 nos
1828 1768 2057 1816 tantum
2093 1759 2372 1817 valuisset
2412 1761 2577 1816 sermc')

493 1956 689 2026 Nune,
719 1955 1001 2029 quoniam
1038 1958 1273 2028 spetare
1303 1959 1414 2012 nos
1445 1960 1621 2012 amici
1648 1954 1873 2027 iubent,
1904 1955 2062 2014 dabo
2092 1972 2340 2029 operam
2370 1958 2442 2012 ne
2467 1968 2577 2009 mea

491 2051 768 2111 valetudo
811 2057 913 2111 tuo
955 2052 1142 2111 labori
1170 2051 1342 2111 desit.
1429 2053 1550 2111 Res
1578 2043 1801 2128 quatita
1829 2054 1903 2112 sit
1932 2053 2231 2128 intellego,
2262 2056 2573 2129 quantoque

492 2151 663 2209 fuerit
696 2151 919 2209 facilius
952 2155 1189 2209 manere
1230 2151 1403 2209 doms
1431 2169 1609 2226 quam
1652 2150 1863 2209 redire.
1948 2151 2064 2210 Sed
2099 2161 2299 2209 tamen
2331 2158 2381 2209 si
2412 2155 2574 2209 omnis

491 2249 755 2307 tribunos
780 2249 968 2323 plebis
992 2249 1297 2322 habEmus‚
1322 2256 1372 2308 si
1401 2249 1713 2307 Lentulum
1738 2259 1859 2306 tam
1889 2248 2215 2307 studiosum
2239 2267 2422 2324 quam
2440 2247 2573 2305 vidc-

386 2363 398 2377 ·
492 2356 601 2417 tur,
620 2353 668 2404 si
688 2351 828 2404 νέῑό
848 2348 1029 2405 etiam
1066 2349 1419 2423 PompEium
1443 2357 1501 2405 et
1523 2347 1860 2420 Caesarem,
1884 2353 2005 2405 n6n
2030 2358 2118 2404 est
2141 2345 2575 2423 desperandum.

573 2445 668 2502 De
698 2444 915 2502 familia
943 2450 1064 2520 quo
1095 2446 1278 2504 modo
1309 2445 1596 2519 placuisse
1629 2446 1834 2504 scribis
1861 2451 2085 2517 amiciS,
2118 2445 2422 2504 faciemus,
2499 2444 2574 2501 De

490 2541 624 2599 loco
666 2559 823 2599 nunc
858 2543 1103 2617 quidem
1140 2543 1257 2600 iam
1297 2542 1439 2601 abiit
1475 2544 1829 2617 pestilentia,
1859 2542 1966 2601 sed
2006 2561 2185 2616 quam
2215 2543 2317 2602 dix-1
2350 2542 2470 2613 fuit,
2498 2544 2575 2598 me

491 2644 612 2697 non
635 2640 846 2715 attigit.
932 2641 1220 2711 Plancius,
1243 2640 1426 2698 homo
1446 2640 1922 2711 officiosissimuS,
1947 2645 2043 2699 me
2065 2641 2230 2715 cupit
2250 2659 2380 2699 esse
2398 2646 2573 2699 secum

490 2748 554 2796 et
600 2736 797 2796 adhfic
845 2739 1080 2798 retinet.
1166 2739 1296 2813 Ego
1346 2738 1624 2797 volebam
1672 2739 1807 2796 1006
1856 2739 2041 2814 magis
2085 2738 2323 2797 deserto
2370 2756 2492 2798 esse
2527 2737 2574 2794 in

572 2906 717 2952 Fam.
748 2918 821 2966 14.
852 2918 893 2964 1,
917 2905 1089 2968 begun
1122 2912 1173 2954 at
1201 2905 1563 2961 Thessalonica
1601 2907 1702 2956 and
1738 2906 1949 2956 finished
1984 2912 2035 2955 at
2070 2907 2453 2970 Dyrrhachium.
2516 2906 2575 2954 Its

490 2980 609 3030 final
633 2983 749 3029 date
773 2982 813 3030 is
835 2983 966 3031 Nov.
994 2995 1071 3046 25,
1093 2982 1156 3046 58
1173 2994 1269 3031 B.C.
1284 3010 1352 3019 —
1373 2996 1413 3032 1.
1457 2996 1733 3034 sermone
1757 2984 2047 3034 omnium:
2088 2985 2147 3047 by
2169 3001 2393 3032 common
2416 2988 2571 3048 repert.

491 3071 537 3124 7.
574 3072 814 3120 sapere:
864 3069 910 3108 to
948 3062 1272 3110 understand
1298 3063 1561 3127 anytlu‘ng.
1649 3076 1720 3111 10.
1756 3064 1834 3112 ab
1867 3063 1971 3111 fla:
2023 3063 2199 3111 Cicero
2226 3064 2394 3127 began
2424 3069 2476 3111 to
2505 3075 2572 3109 see

486 3135 599 3187 that
621 3135 686 3184 he
712 3152 812 3184 was
833 3136 1081 3185 mistaken
1108 3138 1158 3185 in
1185 3137 1424 3201 thinking
1446 3141 1556 3188 that
1581 3138 1667 3187 the
1693 3141 1949 3203 optimates
1971 3138 2159 3188 looked
2182 3147 2235 3189 to
2260 3139 2365 3188 him
2389 3155 2441 3188 as
2466 3137 2573 3187 their

487 3211 674 3261 leader.
751 3213 834 3260 He
858 3229 960 3261 was
989 3213 1170 3262 envied
1199 3214 1264 3276 by
1288 3230 1445 3272 some,
1469 3215 1656 3263 looked
1687 3216 1834 3263 down
1868 3231 2005 3279 upon
2033 3216 2100 3278 by
2127 3215 2313 3265 others.
2387 3228 2455 3264 11.
2490 3211 2571 3276 qui

487 3290 813 3349 petebant:
863 3289 1045 3337 Caesar
1082 3290 1181 3337 had
1217 3290 1406 3339 offered
1441 3297 1495 3339 to
1531 3291 1741 3354 appoint
1776 3292 1951 3340 Cicero
1989 3308 2085 3340 one
2122 3292 2183 3340 of
2209 3291 2289 3340 his
2322 3292 2504 3354 legates
2530 3289 2570 3335 in

489 3364 632 3422 Gaul,
658 3380 687 3412 a
712 3364 928 3428 position
955 3366 1118 3413 which
1144 3366 1310 3414 would
1335 3367 1462 3415 have
1484 3369 1745 3430 protected
1770 3367 1874 3415 him
1900 3369 2094 3430 against
2118 3368 2337 3418 Clodius.
2400 3380 2468 3430 17.
2490 3366 2570 3414 ha-

487 3441 732 3490 bemus:
791 3457 865 3489 we
897 3441 1024 3489 have
1058 3458 1121 3489 on
1157 3458 1255 3489 our
1289 3443 1855 3492 side.—Lentulum:
1916 3460 1970 3492 as
2006 3444 2178 3494 consul
2213 3445 2265 3492 in
2300 3456 2363 3510 57
2398 3455 2486 3491 B.C.
2517 3441 2566 3488 he

487 3518 741 3581 proposed
776 3516 995 3564 Cicero’s
1033 3516 1181 3565 recall
1220 3519 1270 3565 in
1307 3519 1395 3566 the
1424 3527 1613 3567 senate.
1687 3532 1760 3581 19.
1795 3519 1888 3568 De
1911 3520 2082 3570 loco:
2121 3521 2199 3569 i.e.
2221 3519 2566 3568 Thessalonica.

490 3605 568 3640 21.
603 3591 920 3640 Plancius:
965 3591 1028 3639 he
1052 3607 1153 3639 was
1185 3593 1384 3654 serving
1418 3594 1470 3641 in
1498 3595 1802 3642 Macedonia
1833 3610 1888 3642 as
1915 3604 2146 3658 quaestor
2173 3595 2333 3644 under
2358 3594 2441 3644 the
2475 3608 2565 3657 pro·

491 3673 691 3728 praetor
744 3667 800 3713 L.
847 3665 1139 3728 Appuleius,
1187 3668 1286 3714 and
1341 3668 1442 3716 had
1494 3676 1595 3718 met
1647 3670 1821 3718 Cicero
1867 3671 2016 3718 when
2067 3672 2132 3720 he
2177 3671 2278 3721 first
2323 3670 2499 3720 landed
2527 3675 2564 3716 at

489 3738 876 3800 Dyrrhachium.
962 3752 1040 3786 22.
1085 3741 1275 3801 magis
1310 3742 1583 3793 deserto:
1623 3746 1710 3793 less
1730 3746 2047 3810 frequented.
