2719 4161
888 236 1045 293 PRo
1107 234 1435 293 MILONE
2080 243 2105 289 1
2123 223 2159 289 8
2173 237 2204 313 5

153 425 428 476 tormentis
461 419 637 476 etiam
671 416 935 476 dedendi
973 418 1203 475 suerunt
1243 422 1684 476 conservatores
1723 416 1969 487 domini,
2001 415 2217 472 ultores

151 517 373 587 sceleriS‚
417 515 753 573 dEfensores
799 515 979 573 necis·
1065 517 1186 573 Hie
1227 519 1367 573 νὲῐό
1410 515 1553 572 nihil
1597 515 1775 572 habet
1820 513 1881 571 in
1924 512 2012 569 his
2051 512 2218 569 malis

150 613 287 688 quod
316 613 500 670 minus
524 613 771 670 moleste
802 613 946 671 ferat
974 631 1172 687 quam,
1205 613 1386 671 etiam
1414 619 1462 671 si
1492 611 1635 687 quid
1667 612 1778 687 ipsi
1807 610 2060 682 accidat,
2091 627 2218 668 esse

151 721 322 768 tamen
349 710 457 768 illis
488 711 764 768 meritum
796 712 1123 785 praemium
1154 712 1537 785 persolutum.

215 808 318 866 Sed
358 809 732 882 quaestiones
775 819 985 883 urgent
1024 808 1314 866 Milonem
1351 826 1503 882 quae
1540 818 1673 866 sunt
1710 807 1944 867 habitae
1974 826 2130 866 nunc
2160 807 2220 865 in

150 907 272 963 atrio
301 906 619 964 Libertatis.
706 906 1075 979 Quibusnam
1098 906 1174 964 de
1205 907 1426 963 servis?
1509 907 1751 981 Rogas?
1821 908 1914 964 De
1939 908 2002 964 P.
2028 904 2220 964 Clodi.

151 1004 273 1075 Quis
336 1008 435 1061 eos
505 1004 864 1079 postulavit?
973 1004 1215 1078 Appius,
1332 1004 1480 1078 Quis
1551 1004 1869 1079 prodi-ixit?
1976 1004 2218 1078 Appius,

151 1102 340 1160 Unde?
433 1104 527 1161 Ab
557 1104 774 1177 Appio.
878 1103 955 1161 Di
986 1103 1145 1174 boni,
1191 1102 1333 1177 quid
1380 1113 1575 1178 potest
1616 1110 1711 1178 agi
1752 1103 2046 1161 sevcrius?
2128 1103 2222 1160 De

153 1207 298 1257 servis
325 1201 476 1258 milla
503 1202 631 1276 lege
664 1201 931 1275 quaestio
960 1211 1048 1258 est
1078 1200 1136 1256 in
1169 1200 1479 1257 dominum
1510 1201 1620 1258 nisi
1650 1200 1727 1258 de
1751 1201 2000 1272 incestu,
2025 1210 2087 1257 ut
2116 1198 2221 1256 fuit

154 1298 201 1353 in
226 1299 497 1356 Clodium.
574 1298 847 1355 Proxime
876 1298 1024 1355 deos
1045 1298 1295 1355 accessit
1329 1297 1591 1369 Clodius,
1621 1299 1860 1373 propius
1889 1316 2067 1372 quam
2098 1305 2222 1354 tum

155 1413 266 1452 cum
285 1396 352 1453 ad
384 1397 539 1471 ipsos
563 1401 901 1471 penetrarat
924 1416 941 1467 3
985 1397 1150 1454 cfiius
1180 1395 1258 1454 de
1283 1408 1472 1454 morte
1504 1408 1804 1470 tamquam
1833 1396 1909 1454 de
1940 1396 2222 1453 caerimo-

155 1495 241 1551 niis
276 1496 491 1553 violatis
537 1496 854 1571 quaeritur.
941 1496 1056 1554 Sed
1090 1506 1287 1553 tamen
1323 1496 1575 1552 maiores
1606 1501 1786 1550 nostri
1819 1494 1878 1550 in
1915 1493 2223 1551 dominum

155 1591 219 1649 de
242 1599 394 1652 servo
422 1600 627 1667 quaeri
661 1594 971 1651 noluErunt
1022 1598 1140 1651 non
1174 1600 1316 1666 quin
1352 1601 1552 1666 posset
1582 1596 1783 1649 vetum
1827 1592 2087 1661 inveniri,
2118 1591 2223 1648 sed

149 1691 263 1764 quia
289 1692 592 1749 videbatur
623 1691 929 1766 indignum
962 1709 1087 1748 esse
1122 1701 1180 1747 et
1205 1690 1432 1748 domini
1460 1699 1648 1746 morte
1680 1690 1808 1763 ipsa
1836 1689 2068 1746 tristius.
2155 1689 2227 1744 In

150 1806 288 1845 reum
316 1790 388 1847 de
410 1796 580 1848 servo
600 1790 954 1847 accusatoris
980 1809 1115 1847 cum
1138 1789 1453 1863 quaeritur,
1481 1791 1681 1844 vetum
1716 1788 1961 1844 inveniri
1991 1786 2228 1860 potest?

149 1887 251 1960 Age
288 1893 438 1957 veto,
492 1907 645 1963 quae
690 1899 812 1945 erat
857 1898 955 1945 aut
998 1888 1183 1961 qualis
1230 1886 1538 1961 quaestio?
1632 1887 1841 1942 ‘Heus
1886 1888 1968 1955 ti‘i,
2009 1883 2223 1954 Rufio:

148 1985 283 2041 verbi
302 1991 493 2056 causa,
526 1989 700 2043 ‘cave
729 1992 804 2043 sis
835 1984 1137 2043 mentiare.
1229 1983 1474 2043 Clodius
1502 1982 1742 2040 insidias
1772 1983 1920 2040 fecit
1951 1982 2224 2039 MiloniP'

150 2080 360 2140 ‘Fecite
444 2083 624 2141 Certa
654 2101 814 2140 crux.
900 2087 916 2114 ‘
936 2084 1140 2140 Nfillas
1178 2083 1361 2141 iecit!
1446 2084 1687 2157 Sperata
1726 2083 1979 2141 libertas
2067 2079 2227 2155 Quid

150 2176 240 2235 heic
288 2182 635 2254 quaestione
691 2180 949 2238 certius?
1033 2181 1238 2239 Subito
1296 2181 1524 2255 abrepti
1576 2182 1632 2237 in
1684 2182 2093 2255 quaestionem
2143 2189 2225 2236 ta-

150 2293 261 2333 men
297 2284 636 2353 separantur
675 2283 710 2335 Ξ
741 2283 951 2337 ceteris
992 2288 1051 2337 et
1088 2279 1149 2337 in
1188 2285 1353 2336 arcas
1392 2263 1778 2349 coniciuntur,
1809 2284 1886 2336 ne
1925 2279 2055 2352 quis
2093 2295 2229 2333 curn

147 2369 202 2427 iis
237 2375 506 2449 conloqui
549 2376 755 2449 possit.
843 2377 929 2432 Hi
972 2385 1213 2432 centum
1261 2374 1389 2431 dies
1434 2392 1616 2448 penes
1661 2377 2065 2429 accusatorem
2094 2391 2229 2429 cum

149 2467 373 2542 fuissent,
403 2473 481 2531 ab
510 2477 586 2529 εδ
615 2472 746 2546 ipso
775 2477 1120 2530 accusatore
1150 2472 1427 2547 producti
1456 2482 1607 2528 sunt.
1693 2469 1851 2542 Quid
1896 2469 2008 2526 haic
2051 2487 2228 2543 quae-

147 2566 307 2625 stione
335 2569 455 2628 dici
484 2578 687 2645 potest
716 2570 1010 2645 integriuS,
1042 2568 1184 2644 quid
1216 2568 1650 2642 incorruptius?

183 2751 334 2802 Hilo's
364 2757 578 2803 conduct
611 2756 750 2804 since
781 2758 872 2803 the
902 2758 1056 2803 event
1086 2756 1232 2802 bears
1265 2754 1485 2802 witness
1519 2754 1574 2799 to
1604 2752 1686 2797 his
1719 2751 1852 2798 clear
1881 2750 2181 2798 conscience.

208 2874 424 2933 XXIII.
487 2877 669 2950 Quod
699 2884 748 2934 si
777 2878 1044 2935 nondum
1075 2876 1213 2934 satis
1237 2874 1493 2941 cernitiS,
1528 2892 1665 2930 cum
1705 2877 1794 2929 rEs
1824 2872 1950 2945 ipsa
1986 2881 2072 2929 tot
2108 2882 2228 2928 tarn

144 2969 288 3029 claris
304 2978 665 3049 argumentis
689 2981 983 3049 signisque
1007 2975 1217 3043 liiceat,
1231 2978 1380 3046 pura
1404 2980 1600 3027 mente
1621 2981 1797 3044 atque
1819 2970 2043 3043 integra
2057 2970 2226 3026 Milo-

109 3062 112 3063 ’
145 3084 276 3139 nem,
308 3072 466 3129 millo
490 3072 716 3129 scelere
747 3072 1058 3141 imbutum,
1088 3071 1248 3127 millo
1278 3073 1441 3126 metu
1476 3067 1868 3142 perterritum,
1900 3066 2058 3124 nulla
2086 3071 2226 3124 con-

143 3166 361 3225 scientia
395 3170 798 3227 exanimatum
840 3171 1097 3227 Romam
1142 3168 1464 3236 revertisse,
1496 3164 1907 3234 recordamini,
1940 3182 2044 3238 per
2080 3163 2227 3222 deos

144 3259 480 3336 immortalis,
526 3285 681 3341 quae
724 3268 893 3324 fuerit
935 3266 1201 3324 celeritas
1246 3265 1470 3321 reditus
1511 3263 1651 3332 eiuS,
1697 3268 1798 3335 qui
1835 3261 2124 3335 ingressus
2168 3263 2228 3319 in

145 3359 305 3420 forum
353 3365 601 3423 ardente
648 3366 826 3435 cfiria,
873 3384 1025 3440 quae
1071 3362 1419 3438 magnitudo
1455 3362 1652 3429 animi,
1695 3367 1796 3434 qui
1828 3361 2038 3431 vultuS,
2075 3379 2226 3435 quae

141 3460 322 3518 oratio.
408 3464 622 3537 Neque
654 3468 796 3521 νὲῐὸ
831 3467 894 3520 εδ
930 3462 1152 3536 populo
1193 3461 1381 3519 solum
1420 3459 1527 3517 sed
1572 3459 1749 3515 etiam
1793 3463 2020 3514 senatui
2062 3477 2225 3515 com-

141 3558 293 3630 misit,
343 3579 540 3635 neque
586 3566 817 3618 sena'tui
874 3560 1058 3618 modo
1111 3557 1218 3615 sed
1274 3558 1452 3613 etiam
1498 3556 1747 3630 publicis
1804 3554 2108 3628 praesidiis
2166 3566 2225 3612 et

141 3662 307 3726 armiS,
339 3677 533 3733 neque
578 3658 667 3716 his
712 3667 940 3715 tantum
983 3661 1184 3714 vErum
1224 3655 1402 3710 etiam
1442 3653 1564 3710 ‘eius
1608 3657 1886 3725 potestati
1924 3651 2016 3707 cui
2059 3658 2224 3709 sena-

140 3757 214 3808 tus
253 3760 433 3813 totam
477 3775 605 3814 rem
649 3755 968 3831 piiblicam,
1001 3771 1244 3811 ornnem
1275 3738 1478 3807 Italiae
1510 3748 1749 3823 pubem,
1780 3752 1994 3804 cfincta
2023 3750 2228 3822 populi

2267 1315 2320 1347 10

2270 1795 2319 1842 Ῑ5

2271 2302 2328 2334 20

2270 2981 2322 3028 25

2268 3474 2324 3519 30
