2719 4161
834 191 991 248 PRo
1056 187 1510 249 MARCELLO
2077 151 2215 266 22²9

110 392 238 430 cum
268 374 453 445 vanit,
482 373 675 431 omnis
702 373 971 448 voluptas
1010 375 1326 449 praeterita
1354 380 1464 450 prc‘)
1495 374 1677 432 nihilo
1708 385 1814 445 est,
1846 374 1985 449 quia
2013 377 2221 448 postea

109 472 260 528 nfilla
301 481 395 528 est
442 472 653 528 suti-ira.
765 471 1141 546 Quamquam
1177 472 1286 529 iste
1328 484 1459 529 tuus
1493 473 1724 529 animus
1760 489 2082 546 numquam
2129 471 2219 527 his

109 569 384 642 angustiis
430 574 576 643 quas
617 573 824 625 natfira
860 570 1030 626 nabis
1065 568 1141 625 ad
1181 569 1501 626 vivendum
1531 570 1699 627 dedit
1733 580 2048 626 contentus
2090 568 2217 640 fuit,

110 684 339 741 semper
371 666 830 723 immortalitatis
857 672 1056 742 amare
1090 667 1370 742 flagravit.

185 765 314 821 Nec
345 769 489 821 vara
521 765 671 821 haec
701 774 800 822 tua
827 771 945 822 vita
989 765 1268 822 dacenda
1304 775 1393 823 est
1432 784 1582 841 quae
1619 783 1870 840 corpore
1914 775 1972 823 et
2015 765 2218 839 spiriti-1
2290 776 2315 823 5

111 863 483 934 continatur3
528 862 643 933 illa,
674 863 933 937 inquam,
966 862 1063 919 illa
1090 870 1209 919 v1ta
1240 873 1328 920 est
1369 874 1467 920 tua
1496 881 1648 938 quae
1682 863 1902 937 vigabit
1936 863 2221 919 memoria

111 961 478 1017 saeculorum
508 961 795 1032 omnium,
825 979 1002 1035 quam
1035 961 1347 1035 posteritas
1372 961 1506 1031 alet,
1538 979 1716 1035 quam
1748 961 1875 1034 ipsa
1905 960 2219 1018 aeternitas

114 1076 337 1132 semper
370 1058 650 1115 tuabitur.
740 1058 899 1115 Huic
943 1062 1006 1115 tsi
1040 1058 1338 1129 inserviaS,
1372 1058 1506 1115 huic
1551 1063 1610 1115 t'e‘
1648 1062 1910 1115 ostentas
1943 1067 2216 1132 oportet;

114 1174 252 1229 quae
302 1156 556 1230 quidem
613 1174 765 1231 quae
809 1161 1047 1213 miratur
1104 1156 1218 1212 iam
1276 1155 1511 1230 pridem
1568 1156 1749 1213 multa
1806 1155 2002 1226 habet,
2060 1173 2220 1211 nunc

118 1255 281 1311 etiam
344 1272 502 1328 quae
576 1254 778 1311 laudet
839 1264 1162 1328 exspectat.
1274 1253 1719 1328 Obstupascent
1781 1259 2003 1327 posteri
2060 1258 2219 1311 certa
2266 1280 2319 1310 10

117 1351 369 1425 imperia,
418 1352 769 1426 pravinciaS‚
816 1352 1113 1423 Rhanum,
1157 1338 1486 1422 Oceanum,
1534 1352 1754 1422 Nilum,
1790 1356 2015 1425 pagnas
2049 1351 2218 1408 innu-

121 1449 420 1520 merabiliS,
451 1449 813 1507 ineradibilis
843 1449 1131 1521 vict6riaS,
1162 1459 1566 1520 monumenta,
1600 1453 1861 1520 manera,
1894 1448 2218 1523 triumphas

119 1547 416 1605 audientas
447 1556 508 1604 et
540 1547 802 1622 legentas
832 1552 982 1604 tuas.

192 1644 302 1703 Sed
345 1645 458 1702 nisi
504 1646 654 1701 haec
712 1644 847 1702 urbs
890 1644 1145 1702 stabilita
1187 1652 1300 1702 tuis
1343 1644 1601 1702 cansiliis
1652 1654 1711 1701 et
1757 1645 2033 1702 institi-itis
2092 1644 2218 1716 erit,

122 1743 409 1817 vagabitur
440 1742 625 1800 modo
655 1752 817 1799 tuum
851 1747 1073 1799 namen
1103 1742 1278 1817 longa
1307 1753 1484 1817 atque
1515 1743 1632 1799 late'
1654 1764 1671 1814 3
1716 1742 1921 1799 se'dem
1952 1742 2219 1800 stabilem
2265 1755 2314 1803 Ῐ5

128 1850 178 1896 et
214 1840 583 1897 domicilium
628 1851 854 1897 certum
897 1845 1016 1897 nan
1067 1840 1327 1897 habebit.
1433 1841 1560 1897 Erit
1595 1840 1748 1897 inter
1778 1845 1879 1898 eas
1912 1841 2090 1898 etiarn
2119 1847 2218 1915 qui

126 1942 442 2009 nascentur,
474 1944 626 1995 sicut
667 1939 820 1995 inter
853 1943 963 1994 nas
1000 1938 1125 2009 suit,
1157 1944 1372 2012 magna
1405 1938 1710 2009 dissansic‘),
1744 1957 1880 1995 cum
1910 1938 2006 1994 alii
2036 1937 2219 1995 laudi-

131 2035 221 2094 bus
272 2036 348 2094 ad
397 2036 630 2094 caelum
676 2041 768 2094 ras
814 2041 942 2093 tuas
989 2040 1183 2111 gestas
1234 2035 1494 2108 efferent,
1546 2035 1640 2094 alii
1700 2035 1943 2094 fortasse
2000 2035 2220 2111 aliquid

130 2141 427 2208 requirent,
452 2134 637 2209 idque
664 2135 759 2192 vel
788 2135 1128 2204 maximum,
1154 2135 1264 2191 nisi
1293 2134 1434 2191 belli
1462 2135 1645 2192 civilis
1667 2135 2011 2192 incendium
2034 2135 2219 2192 salfite

134 2234 332 2306 patriae
374 2233 732 2304 restinxeris,
789 2241 856 2290 ut
912 2232 1054 2290 illud
1111 2232 1212 2289 fati
1271 2232 1446 2290 fuisse
1504 2232 1789 2304 videatur,
1835 2235 1949 2290 hac
1993 2232 2219 2291 cansili.
2263 2259 2319 2290 20

134 2329 272 2386 Servi
314 2331 488 2405 igitur
530 2330 601 2388 iis
645 2331 825 2387 etiam
870 2330 1162 2387 iadicibus
1196 2337 1297 2404 qui
1342 2330 1538 2388 multis
1585 2341 1718 2404 post
1765 2331 2010 2388 saeculis
2047 2331 2124 2388 da
2163 2335 2221 2388 ta

136 2426 476 2499 ifidicabunt,
527 2438 585 2485 et
642 2427 887 2503 quidem
946 2426 1104 2485 haud
1149 2428 1272 2485 scia
1321 2446 1399 2484 an
1439 2428 1829 2503 incorruptius
1872 2447 2046 2503 quam
2093 2434 2218 2486 nas.

138 2524 270 2582 Nam
309 2535 368 2584 et
407 2527 537 2583 sine
573 2530 774 2582 amare
819 2535 878 2583 et
917 2526 1043 2583 sine
1085 2525 1432 2599 cupiditate,
1475 2535 1533 2583 et
1567 2531 1761 2583 riirsus
1806 2526 1931 2583 sine
1976 2526 2115 2584 odia
2161 2535 2222 2583 et

140 2621 244 2680 sine
283 2624 503 2681 invidia
546 2622 912 2681 iadicabunt.
1000 2622 1072 2681 Id
1109 2634 1305 2681 autem
1345 2624 1524 2682 etiam
1557 2630 1604 2681 si
1634 2634 1755 2681 tum
1789 2624 1865 2682 ad
1898 2629 1972 2695 ta,
2004 2634 2067 2681 ut
2096 2630 2220 2698 qui-

140 2719 253 2776 dam
287 2722 431 2779 falsa
467 2730 699 2795 putant,
730 2726 851 2779 nan
891 2722 1225 2796 pertinabit‚
1272 2741 1431 2780 nunc
1482 2727 1642 2780 certa
1687 2723 1943 2797 pertinet
1988 2740 2115 2779 esse
2164 2726 2223 2779 te‘
2263 2734 2316 2782 25

145 2816 294 2874 talem
321 2827 385 2875 ut
414 2825 545 2876 tuas
574 2819 778 2877 laudas
806 2819 1192 2877 obsci‘irati'ira
1219 2821 1379 2878 nfilla
1408 2840 1690 2896 umquam
1720 2821 1791 2878 sit
1822 2820 2057 2878 oblivia.

210 2956 249 3009 8.
290 2959 466 3021 Huic,
511 2972 696 3022 quae:
759 2959 887 3008 refer
924 2967 977 3008 to
1014 2959 1101 3009 the
1139 2961 1341 3023 general
1380 2961 1494 3008 idea
1534 2960 1591 3008 of
1634 2961 1968 3023 immortality,
2010 2960 2097 3008 but
2135 2960 2222 3009 the

147 3038 305 3095 gender
360 3038 400 3087 is
451 3037 770 3087 determined
815 3038 879 3098 by
924 3038 1047 3086 vila.
1072 3065 1139 3073 —
1161 3040 1226 3085 te
1281 3040 1558 3085 ostentes
1615 3040 1888 3097 oportet:
1935 3053 2040 3099 you
2093 3044 2228 3084 must

148 3111 251 3159 show
276 3117 509 3179 yourself
528 3117 588 3163 in
612 3131 750 3177 your
772 3123 886 3162 true
910 3114 1044 3178 lzglct.
1134 3126 1205 3160 11.
1238 3113 1536 3165 Rhenum:
1584 3113 1737 3160 refers
1762 3119 1813 3160 to
1837 3113 2062 3161 Caesar's
2087 3115 2223 3160 inva-

152 3183 261 3233 sions
303 3189 355 3235 of
384 3192 653 3251 Germany.
680 3218 745 3227 —-
768 3189 1099 3240 Oceanum:
1152 3189 1304 3236 refers
1343 3198 1394 3236 to
1429 3188 1506 3236 his
1547 3195 1788 3252 conquest
1830 3189 1888 3236 of
1917 3188 2001 3236 the
2039 3189 2223 3237 Veneti

155 3260 233 3306 and
262 3260 331 3309 his
364 3265 577 3326 exploits
614 3265 664 3310 in
706 3266 1236 3314 Britain.—Nilum:
1290 3266 1443 3313 refers
1486 3274 1537 3313 to
1574 3267 1658 3314 the
1703 3266 2042 3314 Alexandrian
2090 3281 2220 3313 cam-

154 3337 290 3398 paign.
371 3353 445 3387 20.
493 3339 675 3387 illud:
717 3340 792 3387 i.e.
831 3342 1139 3390 incendium.
1166 3343 1390 3391 —1atiz
1433 3343 1529 3389 due
1562 3351 1607 3390 to
1637 3345 1757 3405 fale.
1787 3370 1853 3377 —
1877 3341 2022 3390 hoc:
2064 3343 2142 3390 i.e.
2179 3350 2222 3389 te

160 3414 268 3462 illud
300 3418 592 3466 incendium
631 3418 931 3464 restinxisse.
1017 3432 1090 3467 21.
1140 3419 1347 3468 Servi:
1394 3422 1513 3483 give
1537 3420 1661 3467 lzeed
1678 3428 1737 3466 lo,
1823 3433 1899 3479 24.
1946 3419 2217 3480 quidam:

157 3488 218 3537 i.e.
244 3492 318 3540 the
350 3495 674 3558 Epicureans,
706 3493 818 3542 who
848 3494 1073 3543 believed
1107 3495 1212 3543 that
1252 3495 1403 3543 death
1436 3511 1608 3542 means
1641 3495 1726 3543 the
1758 3495 1984 3542 absolute
2016 3496 2223 3543 dissolu-

161 3564 244 3614 tion
273 3571 362 3618 and
395 3570 721 3633 evaporation
756 3569 813 3617 of
843 3571 927 3618 the
963 3571 1085 3618 soul.
1177 3572 1359 3619 Caesar
1395 3587 1493 3618 was
1524 3571 1766 3633 probably
1796 3587 1858 3617 an
1898 3569 2141 3618 adherent
2174 3569 2233 3617 of

162 3639 238 3689 this
251 3644 476 3695 doctrine.
533 3646 714 3694 Sallust
731 3655 911 3710 quotes
927 3647 1030 3694 him
1050 3662 1102 3694 as
1117 3648 1318 3708 saying:
1350 3654 1377 3674 ‘⁶
1401 3648 1565 3695 Death
1584 3647 1757 3694 makes
1774 3662 1837 3692 an
1858 3646 1956 3692 end
1978 3646 2036 3692 of
2055 3646 2117 3692 all
2138 3646 2224 3693 the

162 3715 222 3764 ills
241 3720 288 3767 os
305 3723 569 3779 mankind;
605 3722 802 3784 beyond
826 3723 864 3770 it
887 3722 1030 3770 there
1057 3723 1096 3770 is
1122 3739 1262 3770 room
1288 3722 1485 3771 neither
1512 3723 1587 3769 for
1612 3737 1799 3769 sorrow
1822 3735 1915 3766 nor
1940 3720 2015 3765 for
2037 3721 2167 3779 joy.’'
