<?xml version="1.0" encoding="UTF-8"?>
<!DOCTYPE html PUBLIC "-//W3C//DTD XHTML 1.0 Transitional//EN"
    "http://www.w3.org/TR/xhtml1/DTD/xhtml1-transitional.dtd">
<html xmlns="http://www.w3.org/1999/xhtml" xml:lang="en" lang="en">
 <head>
  <title>
</title>
<meta http-equiv="Content-Type" content="text/html;charset=utf-8" />
  <meta name='ocr-system' content='tesseract 3.04.00' />
  <meta name='ocr-capabilities' content='ocr_page ocr_carea ocr_par ocr_line ocrx_word'/>
</head>
<body>
  <div class='ocr_page' id='page_1' title='image "./tenorationswith00mincgoog_0178.png"; bbox 0 0 2719 4161; ppageno 0'>
   <div class='ocr_carea' id='block_1_1' title="bbox 396 1320 449 1351">
    <p class='ocr_par' dir='ltr' id='par_1_1' title="bbox 396 1320 449 1351">
     <span class='ocr_line' id='line_1_1' title="bbox 396 1320 449 1351; baseline 0 0"><span class='ocrx_word' id='word_1_1' title='bbox 396 1320 449 1351; x_wconf 90' lang='lat'><strong>10</strong></span> 
     </span>
    </p>
   </div>
   <div class='ocr_carea' id='block_1_2' title="bbox 393 1798 444 1847">
    <p class='ocr_par' dir='ltr' id='par_1_2' title="bbox 393 1798 444 1847">
     <span class='ocr_line' id='line_1_2' title="bbox 393 1798 444 1847; baseline 0 0"><span class='ocrx_word' id='word_1_2' title='bbox 393 1798 444 1847; x_wconf 83' lang='lat'><strong>¹5</strong></span> 
     </span>
    </p>
   </div>
   <div class='ocr_carea' id='block_1_3' title="bbox 388 2302 447 2335">
    <p class='ocr_par' dir='ltr' id='par_1_3' title="bbox 388 2302 447 2335">
     <span class='ocr_line' id='line_1_3' title="bbox 388 2302 447 2335; baseline -0.017 0"><span class='ocrx_word' id='word_1_3' title='bbox 388 2302 447 2335; x_wconf 83' lang='lat'><strong>20</strong></span> 
     </span>
    </p>
   </div>
   <div class='ocr_carea' id='block_1_4' title="bbox 390 2774 443 2822">
    <p class='ocr_par' dir='ltr' id='par_1_4' title="bbox 390 2774 443 2822">
     <span class='ocr_line' id='line_1_4' title="bbox 390 2774 443 2822; baseline 0 0"><span class='ocrx_word' id='word_1_4' title='bbox 390 2774 443 2822; x_wconf 84' lang='lat'><strong>25</strong></span> 
     </span>
    </p>
   </div>
   <div class='ocr_carea' id='block_1_5' title="bbox 388 3558 445 3603">
    <p class='ocr_par' dir='ltr' id='par_1_5' title="bbox 388 3558 445 3603">
     <span class='ocr_line' id='line_1_5' title="bbox 388 3558 445 3603; baseline 0 -14"><span class='ocrx_word' id='word_1_5' title='bbox 388 3558 445 3603; x_wconf 82' lang='lat'><strong>30</strong></span> 
     </span>
    </p>
   </div>
   <div class='ocr_carea' id='block_1_6' title="bbox 505 235 2026 316">
    <p class='ocr_par' dir='ltr' id='par_1_6' title="bbox 505 235 2026 316">
     <span class='ocr_line' id='line_1_6' title="bbox 505 235 2026 316; baseline 0.001 -26"><span class='ocrx_word' id='word_1_6' title='bbox 505 243 528 290; x_wconf 91' lang='lat'>1</span> <span class='ocrx_word' id='word_1_7' title='bbox 548 243 641 316; x_wconf 79' lang='lat'><strong>54</strong></span> <span class='ocrx_word' id='word_1_8' title='bbox 1068 235 1494 293; x_wconf 85' lang='lat' dir='ltr'>ORATIONS</span> <span class='ocrx_word' id='word_1_9' title='bbox 1555 235 1660 292; x_wconf 85' lang='lat' dir='ltr'><strong>oF</strong></span> <span class='ocrx_word' id='word_1_10' title='bbox 1719 235 2026 293; x_wconf 80' lang='lat' dir='ltr'><strong>CICERO</strong></span> 
     </span>
    </p>
   </div>
   <div class='ocr_carea' id='block_1_7' title="bbox 487 418 2578 3035">
    <p class='ocr_par' dir='ltr' id='par_1_7' title="bbox 493 418 2578 982">
     <span class='ocr_line' id='line_1_7' title="bbox 494 418 2578 494; baseline 0 -20"><span class='ocrx_word' id='word_1_11' title='bbox 494 418 679 493; x_wconf 66' lang='lat' dir='ltr'><strong>gratie</strong></span> <span class='ocrx_word' id='word_1_12' title='bbox 723 419 948 476; x_wconf 75' lang='lat' dir='ltr'><strong>Lficulli</strong></span> <span class='ocrx_word' id='word_1_13' title='bbox 990 419 1067 477; x_wconf 90' lang='lat' dir='ltr'><strong>ab</strong></span> <span class='ocrx_word' id='word_1_14' title='bbox 1113 420 1595 478; x_wconf 89' lang='lat' dir='ltr'><strong>Heracliensibus</strong></span> <span class='ocrx_word' id='word_1_15' title='bbox 1637 419 1989 494; x_wconf 75' lang='lat' dir='ltr'><strong>impetra‘vit.</strong></span> <span class='ocrx_word' id='word_1_16' title='bbox 2074 418 2226 475; x_wconf 89' lang='lat' dir='ltr'><strong>Data</strong></span> <span class='ocrx_word' id='word_1_17' title='bbox 2262 427 2347 475; x_wconf 91' lang='lat' dir='ltr'><strong>est</strong></span> <span class='ocrx_word' id='word_1_18' title='bbox 2383 418 2578 476; x_wconf 64' lang='lat' dir='ltr'><strong>civitas</strong></span> 
     </span>
     <span class='ocr_line' id='line_1_8' title="bbox 494 516 2575 591; baseline -0 -17"><span class='ocrx_word' id='word_1_19' title='bbox 494 516 705 574; x_wconf 64' lang='lat' dir='ltr'><strong>Silvani</strong></span> <span class='ocrx_word' id='word_1_20' title='bbox 753 517 879 590; x_wconf 90' lang='lat' dir='ltr'><strong>lege</strong></span> <span class='ocrx_word' id='word_1_21' title='bbox 924 526 984 574; x_wconf 91' lang='lat' dir='ltr'><strong>et</strong></span> <span class='ocrx_word' id='word_1_22' title='bbox 1027 516 1354 575; x_wconf 82' lang='lat' dir='ltr'><strong>Carbenis:</strong></span> <span class='ocrx_word' id='word_1_23' title='bbox 1401 518 1460 575; x_wconf 90' lang='lat' dir='ltr'><strong>Si</strong></span> <span class='ocrx_word' id='word_1_24' title='bbox 1495 524 1596 591; x_wconf 91' lang='lat' dir='ltr'><strong>qui</strong></span> <span class='ocrx_word' id='word_1_25' title='bbox 1637 516 1951 575; x_wconf 70' lang='lat' dir='ltr'><strong>foederetis</strong></span> <span class='ocrx_word' id='word_1_26' title='bbox 1986 516 2310 574; x_wconf 72' lang='lat' dir='ltr'><strong>civitetibus</strong></span> <span class='ocrx_word' id='word_1_27' title='bbox 2347 523 2575 591; x_wconf 78' lang='lat' dir='ltr'>ascripti</span> 
     </span>
     <span class='ocr_line' id='line_1_9' title="bbox 493 600 2574 686; baseline -0 -14"><span class='ocrx_word' id='word_1_28' title='bbox 493 614 736 672; x_wconf 84' lang='lat' dir='ltr'><strong>fuissent</strong></span> <span class='ocrx_word' id='word_1_29' title='bbox 759 635 775 686; x_wconf 89' lang='lat'>;</span> <span class='ocrx_word' id='word_1_30' title='bbox 819 621 868 671; x_wconf 92' lang='lat' dir='ltr'><strong>si</strong></span> <span class='ocrx_word' id='word_1_31' title='bbox 903 623 1026 671; x_wconf 90' lang='lat' dir='ltr'><strong>tum</strong></span> <span class='ocrx_word' id='word_1_32' title='bbox 1059 633 1196 673; x_wconf 92' lang='lat' dir='ltr'><strong>cum</strong></span> <span class='ocrx_word' id='word_1_33' title='bbox 1227 616 1320 673; x_wconf 86' lang='lat' dir='ltr'><strong>lex</strong></span> <span class='ocrx_word' id='word_1_34' title='bbox 1349 615 1643 672; x_wconf 68' lang='lat' dir='ltr'><strong>ferebetur</strong></span> <span class='ocrx_word' id='word_1_35' title='bbox 1670 615 1729 671; x_wconf 94' lang='lat' dir='ltr'><strong>in</strong></span> <span class='ocrx_word' id='word_1_36' title='bbox 1756 600 1932 672; x_wconf 60' lang='lat' dir='ltr'><strong>italie.</strong></span> <span class='ocrx_word' id='word_1_37' title='bbox 1961 614 2320 671; x_wconf 88' lang='lat' dir='ltr'><strong>domicilium</strong></span> <span class='ocrx_word' id='word_1_38' title='bbox 2350 614 2574 672; x_wconf 85' lang='lat' dir='ltr'><strong>habuis-</strong></span> 
     </span>
     <span class='ocr_line' id='line_1_10' title="bbox 493 712 2574 787; baseline -0.001 -18"><span class='ocrx_word' id='word_1_39' title='bbox 493 721 625 770; x_wconf 88' lang='lat' dir='ltr'><strong>sent</strong></span> <span class='ocrx_word' id='word_1_40' title='bbox 647 733 663 785; x_wconf 91' lang='lat'>;</span> <span class='ocrx_word' id='word_1_41' title='bbox 720 723 779 769; x_wconf 90' lang='lat' dir='ltr'><strong>et</strong></span> <span class='ocrx_word' id='word_1_42' title='bbox 821 718 868 769; x_wconf 95' lang='lat' dir='ltr'><strong>si</strong></span> <span class='ocrx_word' id='word_1_43' title='bbox 910 713 1211 786; x_wconf 68' lang='lat' dir='ltr'><strong>sexeginte</strong></span> <span class='ocrx_word' id='word_1_44' title='bbox 1252 712 1463 770; x_wconf 91' lang='lat' dir='ltr'><strong>diebus</strong></span> <span class='ocrx_word' id='word_1_45' title='bbox 1507 712 1666 787; x_wconf 89' lang='lat' dir='ltr'><strong>apud</strong></span> <span class='ocrx_word' id='word_1_46' title='bbox 1717 717 2048 787; x_wconf 84' lang='lat' dir='ltr'><strong>praeterem</strong></span> <span class='ocrx_word' id='word_1_47' title='bbox 2093 721 2287 769; x_wconf 88' lang='lat' dir='ltr'>essent</span> <span class='ocrx_word' id='word_1_48' title='bbox 2326 713 2574 785; x_wconf 89' lang='lat' dir='ltr'><strong>professi.</strong></span> 
     </span>
     <span class='ocr_line' id='line_1_11' title="bbox 493 808 2575 884; baseline -0.002 -15"><span class='ocrx_word' id='word_1_49' title='bbox 493 811 644 869; x_wconf 90' lang='lat' dir='ltr'><strong>Cum</strong></span> <span class='ocrx_word' id='word_1_50' title='bbox 692 810 786 867; x_wconf 90' lang='lat' dir='ltr'><strong>hic</strong></span> <span class='ocrx_word' id='word_1_51' title='bbox 830 809 1197 868; x_wconf 88' lang='lat' dir='ltr'><strong>domicilium</strong></span> <span class='ocrx_word' id='word_1_52' title='bbox 1241 812 1473 868; x_wconf 82' lang='lat' dir='ltr'><strong>Remae</strong></span> <span class='ocrx_word' id='word_1_53' title='bbox 1519 810 1733 867; x_wconf 81' lang='lat' dir='ltr'><strong>multes</strong></span> <span class='ocrx_word' id='word_1_54' title='bbox 1776 810 1893 867; x_wconf 90' lang='lat' dir='ltr'><strong>iam</strong></span> <span class='ocrx_word' id='word_1_55' title='bbox 1937 814 2124 867; x_wconf 81' lang='lat' dir='ltr'><strong>annes</strong></span> <span class='ocrx_word' id='word_1_56' title='bbox 2168 808 2422 879; x_wconf 89' lang='lat' dir='ltr'><strong>haberet,</strong></span> <span class='ocrx_word' id='word_1_57' title='bbox 2456 827 2575 884; x_wconf 91' lang='lat' dir='ltr'><strong>pro-</strong></span> 
     </span>
     <span class='ocr_line' id='line_1_12' title="bbox 493 907 2541 982; baseline -0.001 -17"><span class='ocrx_word' id='word_1_58' title='bbox 493 909 675 966; x_wconf 83' lang='lat' dir='ltr'><strong>fessus</strong></span> <span class='ocrx_word' id='word_1_59' title='bbox 706 918 792 965; x_wconf 91' lang='lat' dir='ltr'><strong>est</strong></span> <span class='ocrx_word' id='word_1_60' title='bbox 823 907 981 982; x_wconf 91' lang='lat' dir='ltr'><strong>apud</strong></span> <span class='ocrx_word' id='word_1_61' title='bbox 1012 912 1342 982; x_wconf 82' lang='lat' dir='ltr'><strong>praeterem</strong></span> <span class='ocrx_word' id='word_1_62' title='bbox 1377 908 1452 981; x_wconf 90' lang='lat' dir='ltr'><strong>Q.</strong></span> <span class='ocrx_word' id='word_1_63' title='bbox 1485 908 1793 965; x_wconf 90' lang='lat' dir='ltr'><strong>Metellum</strong></span> <span class='ocrx_word' id='word_1_64' title='bbox 1823 907 2332 965; x_wconf 61' lang='lat' dir='ltr'><strong>familia-‚tissimum</strong></span> <span class='ocrx_word' id='word_1_65' title='bbox 2359 926 2541 964; x_wconf 90' lang='lat' dir='ltr'><strong>suum.</strong></span> 
     </span>
    </p>

    <p class='ocr_par' dir='ltr' id='par_1_8' title="bbox 487 1004 2577 2547">
     <span class='ocr_line' id='line_1_13' title="bbox 572 1004 2574 1080; baseline -0.001 -16"><span class='ocrx_word' id='word_1_66' title='bbox 572 1007 633 1064; x_wconf 87' lang='lat' dir='ltr'><strong>Si</strong></span> <span class='ocrx_word' id='word_1_67' title='bbox 678 1005 824 1063; x_wconf 92' lang='lat' dir='ltr'><strong>nihil</strong></span> <span class='ocrx_word' id='word_1_68' title='bbox 868 1005 1025 1063; x_wconf 91' lang='lat' dir='ltr'><strong>aliud</strong></span> <span class='ocrx_word' id='word_1_69' title='bbox 1077 1006 1187 1063; x_wconf 93' lang='lat' dir='ltr'><strong>nisi</strong></span> <span class='ocrx_word' id='word_1_70' title='bbox 1228 1005 1306 1063; x_wconf 87' lang='lat' dir='ltr'><strong>de</strong></span> <span class='ocrx_word' id='word_1_71' title='bbox 1352 1006 1589 1064; x_wconf 67' lang='lat' dir='ltr'><strong>civitete</strong></span> <span class='ocrx_word' id='word_1_72' title='bbox 1638 1023 1709 1062; x_wconf 89' lang='lat' dir='ltr'><strong>ac</strong></span> <span class='ocrx_word' id='word_1_73' title='bbox 1759 1005 1888 1080; x_wconf 86' lang='lat' dir='ltr'><strong>lege</strong></span> <span class='ocrx_word' id='word_1_74' title='bbox 1940 1004 2214 1076; x_wconf 79' lang='lat' dir='ltr'><strong>dicimuS‚</strong></span> <span class='ocrx_word' id='word_1_75' title='bbox 2260 1005 2398 1061; x_wconf 89' lang='lat' dir='ltr'><strong>nihil</strong></span> <span class='ocrx_word' id='word_1_76' title='bbox 2448 1004 2574 1061; x_wconf 74' lang='lat' dir='ltr'><strong>dice</strong></span> 
     </span>
     <span class='ocr_line' id='line_1_14' title="bbox 491 1102 2573 1178; baseline -0.002 -16"><span class='ocrx_word' id='word_1_77' title='bbox 491 1104 777 1178; x_wconf 86' lang='lat' dir='ltr'><strong>amplius;</strong></span> <span class='ocrx_word' id='word_1_78' title='bbox 821 1121 998 1161; x_wconf 90' lang='lat' dir='ltr'><strong>causa</strong></span> <span class='ocrx_word' id='word_1_79' title='bbox 1027 1102 1189 1161; x_wconf 90' lang='lat' dir='ltr'><strong>dicta</strong></span> <span class='ocrx_word' id='word_1_80' title='bbox 1218 1114 1324 1160; x_wconf 90' lang='lat' dir='ltr'><strong>est.</strong></span> <span class='ocrx_word' id='word_1_81' title='bbox 1410 1102 1571 1177; x_wconf 86' lang='lat' dir='ltr'><strong>Quid</strong></span> <span class='ocrx_word' id='word_1_82' title='bbox 1603 1104 1759 1161; x_wconf 85' lang='lat' dir='ltr'><strong>enirn</strong></span> <span class='ocrx_word' id='word_1_83' title='bbox 1793 1104 2000 1160; x_wconf 81' lang='lat' dir='ltr'><strong>herum</strong></span> <span class='ocrx_word' id='word_1_84' title='bbox 2034 1103 2346 1174; x_wconf 72' lang='lat' dir='ltr'><strong>infirmet-i,</strong></span> <span class='ocrx_word' id='word_1_85' title='bbox 2379 1103 2573 1173; x_wconf 72' lang='lat' dir='ltr'><strong>Gretti,</strong></span> 
     </span>
     <span class='ocr_line' id='line_1_15' title="bbox 491 1201 2577 1276; baseline -0 -18"><span class='ocrx_word' id='word_1_86' title='bbox 491 1203 729 1276; x_wconf 84' lang='lat' dir='ltr'><strong>potest?</strong></span> <span class='ocrx_word' id='word_1_87' title='bbox 811 1202 1206 1259; x_wconf 87' lang='lat' dir='ltr'><strong>Heracliaene</strong></span> <span class='ocrx_word' id='word_1_88' title='bbox 1236 1220 1364 1258; x_wconf 92' lang='lat' dir='ltr'><strong>esse</strong></span> <span class='ocrx_word' id='word_1_89' title='bbox 1395 1220 1531 1259; x_wconf 91' lang='lat' dir='ltr'><strong>eum</strong></span> <span class='ocrx_word' id='word_1_90' title='bbox 1561 1208 1883 1276; x_wconf 90' lang='lat' dir='ltr'><strong>ascriptum</strong></span> <span class='ocrx_word' id='word_1_91' title='bbox 1914 1201 2199 1275; x_wconf 55' lang='lat' dir='ltr'><strong>negabis?</strong></span> <span class='ocrx_word' id='word_1_92' title='bbox 2283 1202 2463 1259; x_wconf 84' lang='lat' dir='ltr'>Adest</span> <span class='ocrx_word' id='word_1_93' title='bbox 2501 1201 2577 1258; x_wconf 87' lang='lat' dir='ltr'><strong>vir</strong></span> 
     </span>
     <span class='ocr_line' id='line_1_16' title="bbox 490 1285 2575 1375; baseline -0.001 -18"><span class='ocrx_word' id='word_1_94' title='bbox 490 1305 721 1357; x_wconf 70' lang='lat' dir='ltr'><strong>summe</strong></span> <span class='ocrx_word' id='word_1_95' title='bbox 751 1300 1099 1356; x_wconf 65' lang='lat' dir='ltr'><strong>aucteritiite</strong></span> <span class='ocrx_word' id='word_1_96' title='bbox 1131 1309 1192 1356; x_wconf 91' lang='lat' dir='ltr'><strong>et</strong></span> <span class='ocrx_word' id='word_1_97' title='bbox 1220 1285 1502 1375; x_wconf 80' lang='lat' dir='ltr'><strong>religiene</strong></span> <span class='ocrx_word' id='word_1_98' title='bbox 1534 1309 1593 1357; x_wconf 92' lang='lat' dir='ltr'><strong>et</strong></span> <span class='ocrx_word' id='word_1_99' title='bbox 1622 1299 1759 1370; x_wconf 88' lang='lat' dir='ltr'><strong>fide,</strong></span> <span class='ocrx_word' id='word_1_100' title='bbox 1793 1301 1877 1357; x_wconf 92' lang='lat' dir='ltr'><strong>M.</strong></span> <span class='ocrx_word' id='word_1_101' title='bbox 1912 1299 2205 1370; x_wconf 75' lang='lat' dir='ltr'><strong>LficulluS‚</strong></span> <span class='ocrx_word' id='word_1_102' title='bbox 2236 1306 2342 1373; x_wconf 89' lang='lat' dir='ltr'><strong>qui</strong></span> <span class='ocrx_word' id='word_1_103' title='bbox 2378 1304 2435 1356; x_wconf 90' lang='lat' dir='ltr'><strong>se</strong></span> <span class='ocrx_word' id='word_1_104' title='bbox 2468 1303 2575 1355; x_wconf 81' lang='lat' dir='ltr'><strong>nen</strong></span> 
     </span>
     <span class='ocr_line' id='line_1_17' title="bbox 489 1385 2574 1470; baseline -0.001 -16"><span class='ocrx_word' id='word_1_105' title='bbox 489 1385 718 1470; x_wconf 64' lang='lat' dir='ltr'><strong>opinari</strong></span> <span class='ocrx_word' id='word_1_106' title='bbox 756 1397 862 1454; x_wconf 93' lang='lat' dir='ltr'><strong>sed</strong></span> <span class='ocrx_word' id='word_1_107' title='bbox 900 1404 1067 1469; x_wconf 91' lang='lat' dir='ltr'><strong>scire,</strong></span> <span class='ocrx_word' id='word_1_108' title='bbox 1098 1402 1218 1454; x_wconf 82' lang='lat' dir='ltr'><strong>nen</strong></span> <span class='ocrx_word' id='word_1_109' title='bbox 1256 1398 1547 1455; x_wconf 89' lang='lat' dir='ltr'><strong>audivisse</strong></span> <span class='ocrx_word' id='word_1_110' title='bbox 1578 1397 1684 1455; x_wconf 90' lang='lat' dir='ltr'><strong>sed</strong></span> <span class='ocrx_word' id='word_1_111' title='bbox 1715 1396 1948 1468; x_wconf 90' lang='lat' dir='ltr'><strong>vidisse,</strong></span> <span class='ocrx_word' id='word_1_112' title='bbox 1980 1402 2099 1454; x_wconf 80' lang='lat' dir='ltr'><strong>nen</strong></span> <span class='ocrx_word' id='word_1_113' title='bbox 2130 1396 2455 1455; x_wconf 88' lang='lat' dir='ltr'><strong>interfuisse</strong></span> <span class='ocrx_word' id='word_1_114' title='bbox 2483 1395 2574 1453; x_wconf 91' lang='lat' dir='ltr'><strong>sed</strong></span> 
     </span>
     <span class='ocr_line' id='line_1_18' title="bbox 489 1494 2571 1571; baseline -0 -19"><span class='ocrx_word' id='word_1_115' title='bbox 489 1496 676 1569; x_wconf 88' lang='lat' dir='ltr'><strong>egisse</strong></span> <span class='ocrx_word' id='word_1_116' title='bbox 707 1495 869 1553; x_wconf 89' lang='lat' dir='ltr'><strong>dicit.</strong></span> <span class='ocrx_word' id='word_1_117' title='bbox 953 1496 1184 1554; x_wconf 91' lang='lat' dir='ltr'><strong>Adsunt</strong></span> <span class='ocrx_word' id='word_1_118' title='bbox 1223 1496 1638 1553; x_wconf 67' lang='lat' dir='ltr'><strong>Heraclienses</strong></span> <span class='ocrx_word' id='word_1_119' title='bbox 1675 1496 1867 1571; x_wconf 69' lang='lat' dir='ltr'><strong>legati,</strong></span> <span class='ocrx_word' id='word_1_120' title='bbox 1900 1495 2248 1553; x_wconf 81' lang='lat' dir='ltr'><strong>nebilissimi</strong></span> <span class='ocrx_word' id='word_1_121' title='bbox 2284 1494 2571 1564; x_wconf 87' lang='lat' dir='ltr'><strong>homines;</strong></span> 
     </span>
     <span class='ocr_line' id='line_1_19' title="bbox 490 1592 2574 1667; baseline -0 -18"><span class='ocrx_word' id='word_1_122' title='bbox 490 1593 659 1649; x_wconf 74' lang='lat' dir='ltr'><strong>hfiius</strong></span> <span class='ocrx_word' id='word_1_123' title='bbox 704 1593 885 1650; x_wconf 75' lang='lat' dir='ltr'><strong>ifidici</strong></span> <span class='ocrx_word' id='word_1_124' title='bbox 925 1599 1104 1651; x_wconf 71' lang='lat' dir='ltr'><strong>cause</strong></span> <span class='ocrx_word' id='word_1_125' title='bbox 1144 1611 1280 1650; x_wconf 89' lang='lat' dir='ltr'><strong>cum</strong></span> <span class='ocrx_word' id='word_1_126' title='bbox 1340 1593 1632 1651; x_wconf 71' lang='lat' dir='ltr'><strong>mandetis</strong></span> <span class='ocrx_word' id='word_1_127' title='bbox 1682 1603 1742 1651; x_wconf 94' lang='lat' dir='ltr'><strong>et</strong></span> <span class='ocrx_word' id='word_1_128' title='bbox 1785 1612 1920 1650; x_wconf 90' lang='lat' dir='ltr'><strong>cum</strong></span> <span class='ocrx_word' id='word_1_129' title='bbox 1965 1594 2209 1667; x_wconf 61' lang='lat' dir='ltr'><strong>publico</strong></span> <span class='ocrx_word' id='word_1_130' title='bbox 2251 1592 2574 1651; x_wconf 79' lang='lat' dir='ltr'><strong>testimenie</strong></span> 
     </span>
     <span class='ocr_line' id='line_1_20' title="bbox 488 1691 2572 1766; baseline -0.001 -18"><span class='ocrx_word' id='word_1_131' title='bbox 488 1694 791 1763; x_wconf 89' lang='lat' dir='ltr'><strong>venerunt,</strong></span> <span class='ocrx_word' id='word_1_132' title='bbox 837 1697 937 1765; x_wconf 92' lang='lat' dir='ltr'><strong>qui</strong></span> <span class='ocrx_word' id='word_1_133' title='bbox 979 1691 1135 1747; x_wconf 88' lang='lat' dir='ltr'><strong>hunc</strong></span> <span class='ocrx_word' id='word_1_134' title='bbox 1178 1698 1497 1766; x_wconf 88' lang='lat' dir='ltr'><strong>ascriptum</strong></span> <span class='ocrx_word' id='word_1_135' title='bbox 1546 1692 1996 1749; x_wconf 82' lang='lat' dir='ltr'><strong>Heracliensem</strong></span> <span class='ocrx_word' id='word_1_136' title='bbox 2045 1691 2272 1749; x_wconf 88' lang='lat' dir='ltr'><strong>dieunt.</strong></span> <span class='ocrx_word' id='word_1_137' title='bbox 2364 1693 2478 1748; x_wconf 90' lang='lat' dir='ltr'><strong>Hic</strong></span> <span class='ocrx_word' id='word_1_138' title='bbox 2520 1694 2572 1746; x_wconf 74' lang='lat' dir='ltr'><strong>tsi</strong></span> 
     </span>
     <span class='ocr_line' id='line_1_21' title="bbox 489 1774 2573 1864; baseline -0 -20"><span class='ocrx_word' id='word_1_139' title='bbox 489 1788 716 1845; x_wconf 71' lang='lat' dir='ltr'><strong>tabules</strong></span> <span class='ocrx_word' id='word_1_140' title='bbox 765 1788 1066 1846; x_wconf 70' lang='lat' dir='ltr'><strong>desideres</strong></span> <span class='ocrx_word' id='word_1_141' title='bbox 1111 1790 1582 1847; x_wconf 83' lang='lat' dir='ltr'><strong>Heracliensium</strong></span> <span class='ocrx_word' id='word_1_142' title='bbox 1641 1789 1926 1864; x_wconf 69' lang='lat' dir='ltr'><strong>pfiblicas,</strong></span> <span class='ocrx_word' id='word_1_143' title='bbox 1969 1795 2116 1863; x_wconf 70' lang='lat' dir='ltr'><strong>ques</strong></span> <span class='ocrx_word' id='word_1_144' title='bbox 2167 1774 2383 1846; x_wconf 64' lang='lat' dir='ltr'><strong>italice</strong></span> <span class='ocrx_word' id='word_1_145' title='bbox 2435 1788 2573 1846; x_wconf 79' lang='lat' dir='ltr'><strong>belle</strong></span> 
     </span>
     <span class='ocr_line' id='line_1_22' title="bbox 488 1885 2571 1945; baseline -0 -3"><span class='ocrx_word' id='word_1_146' title='bbox 488 1887 732 1944; x_wconf 82' lang='lat' dir='ltr'><strong>incense</strong></span> <span class='ocrx_word' id='word_1_147' title='bbox 759 1886 1043 1944; x_wconf 68' lang='lat' dir='ltr'><strong>tabulerie</strong></span> <span class='ocrx_word' id='word_1_148' title='bbox 1072 1887 1338 1944; x_wconf 89' lang='lat' dir='ltr'><strong>interisse</strong></span> <span class='ocrx_word' id='word_1_149' title='bbox 1375 1894 1593 1944; x_wconf 87' lang='lat' dir='ltr'><strong>seimus</strong></span> <span class='ocrx_word' id='word_1_150' title='bbox 1632 1894 1845 1945; x_wconf 77' lang='lat' dir='ltr'><strong>omnis,</strong></span> <span class='ocrx_word' id='word_1_151' title='bbox 1935 1888 2040 1943; x_wconf 91' lang='lat' dir='ltr'><strong>Est</strong></span> <span class='ocrx_word' id='word_1_152' title='bbox 2069 1885 2384 1944; x_wconf 90' lang='lat' dir='ltr'><strong>ridiculum</strong></span> <span class='ocrx_word' id='word_1_153' title='bbox 2415 1885 2486 1944; x_wconf 88' lang='lat' dir='ltr'><strong>ad</strong></span> <span class='ocrx_word' id='word_1_154' title='bbox 2514 1903 2571 1942; x_wconf 89' lang='lat' dir='ltr'><strong>ea</strong></span> 
     </span>
     <span class='ocr_line' id='line_1_23' title="bbox 487 1983 2572 2059; baseline -0.001 -18"><span class='ocrx_word' id='word_1_155' title='bbox 487 2001 640 2058; x_wconf 88' lang='lat' dir='ltr'><strong>quae</strong></span> <span class='ocrx_word' id='word_1_156' title='bbox 677 1983 960 2042; x_wconf 89' lang='lat' dir='ltr'><strong>habemus</strong></span> <span class='ocrx_word' id='word_1_157' title='bbox 1005 1984 1145 2040; x_wconf 90' lang='lat' dir='ltr'><strong>nihil</strong></span> <span class='ocrx_word' id='word_1_158' title='bbox 1188 1984 1408 2056; x_wconf 90' lang='lat' dir='ltr'><strong>dicere,</strong></span> <span class='ocrx_word' id='word_1_159' title='bbox 1440 2003 1724 2059; x_wconf 87' lang='lat' dir='ltr'><strong>quaerere</strong></span> <span class='ocrx_word' id='word_1_160' title='bbox 1767 2002 1919 2059; x_wconf 85' lang='lat' dir='ltr'><strong>quae</strong></span> <span class='ocrx_word' id='word_1_161' title='bbox 1963 1984 2180 2042; x_wconf 88' lang='lat' dir='ltr'><strong>habere</strong></span> <span class='ocrx_word' id='word_1_162' title='bbox 2226 1989 2350 2041; x_wconf 81' lang='lat' dir='ltr'><strong>nen</strong></span> <span class='ocrx_word' id='word_1_163' title='bbox 2389 2002 2572 2059; x_wconf 88' lang='lat' dir='ltr'><strong>possu-</strong></span> 
     </span>
     <span class='ocr_line' id='line_1_24' title="bbox 488 2082 2574 2154; baseline 0 -15"><span class='ocrx_word' id='word_1_164' title='bbox 488 2101 617 2141; x_wconf 90' lang='lat' dir='ltr'><strong>mus</strong></span> <span class='ocrx_word' id='word_1_165' title='bbox 631 2104 648 2154; x_wconf 82' lang='lat'><em>3</em></span> <span class='ocrx_word' id='word_1_166' title='bbox 713 2092 774 2140; x_wconf 90' lang='lat' dir='ltr'><strong>et</strong></span> <span class='ocrx_word' id='word_1_167' title='bbox 816 2082 892 2140; x_wconf 92' lang='lat' dir='ltr'><strong>de</strong></span> <span class='ocrx_word' id='word_1_168' title='bbox 935 2082 1239 2140; x_wconf 88' lang='lat' dir='ltr'><strong>hominum</strong></span> <span class='ocrx_word' id='word_1_169' title='bbox 1283 2084 1570 2141; x_wconf 70' lang='lat' dir='ltr'><strong>memorie</strong></span> <span class='ocrx_word' id='word_1_170' title='bbox 1611 2088 1826 2153; x_wconf 89' lang='lat' dir='ltr'><strong>tacere,</strong></span> <span class='ocrx_word' id='word_1_171' title='bbox 1871 2084 2193 2141; x_wconf 71' lang='lat' dir='ltr'><strong>littererum</strong></span> <span class='ocrx_word' id='word_1_172' title='bbox 2246 2084 2574 2140; x_wconf 83' lang='lat' dir='ltr'><strong>memoriam</strong></span> 
     </span>
     <span class='ocr_line' id='line_1_25' title="bbox 488 2180 2573 2256; baseline -0.001 -19"><span class='ocrx_word' id='word_1_173' title='bbox 488 2181 788 2255; x_wconf 67' lang='lat' dir='ltr'><strong>flagitere3</strong></span> <span class='ocrx_word' id='word_1_174' title='bbox 846 2190 905 2237; x_wconf 92' lang='lat' dir='ltr'><strong>et</strong></span> <span class='ocrx_word' id='word_1_175' title='bbox 948 2199 1084 2237; x_wconf 90' lang='lat' dir='ltr'><strong>cum</strong></span> <span class='ocrx_word' id='word_1_176' title='bbox 1127 2180 1347 2238; x_wconf 70' lang='lat' dir='ltr'><strong>habees</strong></span> <span class='ocrx_word' id='word_1_177' title='bbox 1390 2181 1738 2255; x_wconf 88' lang='lat' dir='ltr'><strong>amplissimi</strong></span> <span class='ocrx_word' id='word_1_178' title='bbox 1778 2181 1885 2238; x_wconf 86' lang='lat' dir='ltr'><strong>viri</strong></span> <span class='ocrx_word' id='word_1_179' title='bbox 1926 2181 2294 2256; x_wconf 56' lang='lat' dir='ltr'><strong>religit-mem,</strong></span> <span class='ocrx_word' id='word_1_180' title='bbox 2340 2181 2573 2256; x_wconf 89' lang='lat' dir='ltr'><strong>integer·</strong></span> 
     </span>
     <span class='ocr_line' id='line_1_26' title="bbox 489 2278 2573 2353; baseline 0 -19"><span class='ocrx_word' id='word_1_181' title='bbox 489 2279 618 2335; x_wconf 89' lang='lat' dir='ltr'><strong>rimi</strong></span> <span class='ocrx_word' id='word_1_182' title='bbox 683 2278 967 2352; x_wconf 68' lang='lat' dir='ltr'><strong>menicipi</strong></span> <span class='ocrx_word' id='word_1_183' title='bbox 1031 2279 1118 2336; x_wconf 70' lang='lat' dir='ltr'><strong>ies</strong></span> <span class='ocrx_word' id='word_1_184' title='bbox 1180 2278 1491 2335; x_wconf 77' lang='lat' dir='ltr'><strong>ifirandum</strong></span> <span class='ocrx_word' id='word_1_185' title='bbox 1556 2278 1876 2352; x_wconf 90' lang='lat' dir='ltr'><strong>fidemque,</strong></span> <span class='ocrx_word' id='word_1_186' title='bbox 1935 2297 2004 2335; x_wconf 90' lang='lat' dir='ltr'><strong>ea</strong></span> <span class='ocrx_word' id='word_1_187' title='bbox 2066 2296 2219 2353; x_wconf 88' lang='lat' dir='ltr'><strong>quae</strong></span> <span class='ocrx_word' id='word_1_188' title='bbox 2284 2278 2573 2353; x_wconf 71' lang='lat' dir='ltr'><strong>depreveri</strong></span> 
     </span>
     <span class='ocr_line' id='line_1_27' title="bbox 488 2375 2573 2450; baseline -0 -18"><span class='ocrx_word' id='word_1_189' title='bbox 488 2375 649 2434; x_wconf 72' lang='lat' dir='ltr'><strong>nelle</strong></span> <span class='ocrx_word' id='word_1_190' title='bbox 689 2375 871 2433; x_wconf 83' lang='lat' dir='ltr'><strong>mode</strong></span> <span class='ocrx_word' id='word_1_191' title='bbox 916 2385 1160 2449; x_wconf 89' lang='lat' dir='ltr'><strong>possunt</strong></span> <span class='ocrx_word' id='word_1_192' title='bbox 1202 2375 1534 2450; x_wconf 68' lang='lat' dir='ltr'><strong>repudiare,</strong></span> <span class='ocrx_word' id='word_1_193' title='bbox 1566 2375 1810 2448; x_wconf 68' lang='lat' dir='ltr'><strong>tabuletS,</strong></span> <span class='ocrx_word' id='word_1_194' title='bbox 1841 2382 1988 2450; x_wconf 70' lang='lat' dir='ltr'><strong>ques</strong></span> <span class='ocrx_word' id='word_1_195' title='bbox 2029 2375 2192 2434; x_wconf 91' lang='lat' dir='ltr'><strong>idem</strong></span> <span class='ocrx_word' id='word_1_196' title='bbox 2223 2375 2376 2434; x_wconf 91' lang='lat' dir='ltr'><strong>dicis</strong></span> <span class='ocrx_word' id='word_1_197' title='bbox 2405 2375 2573 2434; x_wconf 90' lang='lat' dir='ltr'><strong>solere</strong></span> 
     </span>
     <span class='ocr_line' id='line_1_28' title="bbox 488 2471 2116 2547; baseline -0.002 -17"><span class='ocrx_word' id='word_1_198' title='bbox 488 2480 804 2547; x_wconf 89' lang='lat' dir='ltr'><strong>corrumpi,</strong></span> <span class='ocrx_word' id='word_1_199' title='bbox 850 2471 1200 2530; x_wconf 69' lang='lat' dir='ltr'><strong>desiderere.</strong></span> <span class='ocrx_word' id='word_1_200' title='bbox 2110 2527 2116 2533; x_wconf 11' lang='grc' dir='ltr'><strong>,Α</strong></span> 
     </span>
    </p>

    <p class='ocr_par' dir='ltr' id='par_1_9' title="bbox 488 2554 2572 3035">
     <span class='ocr_line' id='line_1_29' title="bbox 567 2554 2572 2647; baseline -0 -20"><span class='ocrx_word' id='word_1_201' title='bbox 567 2572 660 2627; x_wconf 92' lang='lat' dir='ltr'><strong>An</strong></span> <span class='ocrx_word' id='word_1_202' title='bbox 703 2570 1069 2627; x_wconf 90' lang='lat' dir='ltr'><strong>domicilium</strong></span> <span class='ocrx_word' id='word_1_203' title='bbox 1127 2571 1357 2628; x_wconf 80' lang='lat' dir='ltr'><strong>Remae</strong></span> <span class='ocrx_word' id='word_1_204' title='bbox 1415 2576 1537 2628; x_wconf 79' lang='lat' dir='ltr'><strong>nen</strong></span> <span class='ocrx_word' id='word_1_205' title='bbox 1596 2570 1801 2629; x_wconf 89' lang='lat' dir='ltr'><strong>habuit</strong></span> <span class='ocrx_word' id='word_1_206' title='bbox 1855 2571 1904 2630; x_wconf 91' lang='lat' dir='ltr'><strong>is</strong></span> <span class='ocrx_word' id='word_1_207' title='bbox 1960 2554 2063 2647; x_wconf 83' lang='lat' dir='ltr'><strong>qui</strong></span> <span class='ocrx_word' id='word_1_208' title='bbox 2111 2582 2201 2630; x_wconf 92' lang='lat' dir='ltr'><strong>tot</strong></span> <span class='ocrx_word' id='word_1_209' title='bbox 2243 2580 2414 2631; x_wconf 85' lang='lat' dir='ltr'><strong>annis</strong></span> <span class='ocrx_word' id='word_1_210' title='bbox 2454 2581 2572 2629; x_wconf 88' lang='lat' dir='ltr'><strong>ante</strong></span> 
     </span>
     <span class='ocr_line' id='line_1_30' title="bbox 488 2667 2569 2728; baseline -0 -4"><span class='ocrx_word' id='word_1_211' title='bbox 488 2669 786 2725; x_wconf 68' lang='lat' dir='ltr'><strong>civitatem</strong></span> <span class='ocrx_word' id='word_1_212' title='bbox 816 2667 1019 2725; x_wconf 86' lang='lat' dir='ltr'><strong>datam</strong></span> <span class='ocrx_word' id='word_1_213' title='bbox 1060 2668 1262 2725; x_wconf 88' lang='lat' dir='ltr'><strong>sedem</strong></span> <span class='ocrx_word' id='word_1_214' title='bbox 1303 2668 1572 2726; x_wconf 88' lang='lat' dir='ltr'><strong>omnium</strong></span> <span class='ocrx_word' id='word_1_215' title='bbox 1613 2674 1807 2727; x_wconf 91' lang='lat' dir='ltr'><strong>rerum</strong></span> <span class='ocrx_word' id='word_1_216' title='bbox 1847 2688 1918 2727; x_wconf 88' lang='lat' dir='ltr'><strong>ac</strong></span> <span class='ocrx_word' id='word_1_217' title='bbox 1958 2669 2325 2728; x_wconf 65' lang='lat' dir='ltr'><strong>fortenerum</strong></span> <span class='ocrx_word' id='word_1_218' title='bbox 2359 2676 2569 2728; x_wconf 70' lang='lat' dir='ltr'><strong>suerum</strong></span> 
     </span>
     <span class='ocr_line' id='line_1_31' title="bbox 490 2765 2570 2840; baseline -0.001 -18"><span class='ocrx_word' id='word_1_219' title='bbox 490 2767 717 2822; x_wconf 81' lang='lat' dir='ltr'><strong>Remae</strong></span> <span class='ocrx_word' id='word_1_220' title='bbox 761 2765 1136 2822; x_wconf 69' lang='lat' dir='ltr'><strong>conlocavit?</strong></span> <span class='ocrx_word' id='word_1_221' title='bbox 1217 2766 1308 2822; x_wconf 94' lang='lat' dir='ltr'><strong>An</strong></span> <span class='ocrx_word' id='word_1_222' title='bbox 1352 2770 1474 2823; x_wconf 82' lang='lat' dir='ltr'><strong>nen</strong></span> <span class='ocrx_word' id='word_1_223' title='bbox 1521 2777 1609 2824; x_wconf 93' lang='lat' dir='ltr'><strong>est</strong></span> <span class='ocrx_word' id='word_1_224' title='bbox 1661 2766 2001 2840; x_wconf 85' lang='lat' dir='ltr'><strong>professus?</strong></span> <span class='ocrx_word' id='word_1_225' title='bbox 2085 2769 2282 2825; x_wconf 81' lang='lat' dir='ltr'><strong>Imme</strong></span> <span class='ocrx_word' id='word_1_226' title='bbox 2327 2773 2467 2825; x_wconf 80' lang='lat' dir='ltr'><strong>vere</strong></span> <span class='ocrx_word' id='word_1_227' title='bbox 2515 2765 2570 2821; x_wconf 91' lang='lat' dir='ltr'><strong>iis</strong></span> 
     </span>
     <span class='ocr_line' id='line_1_32' title="bbox 489 2863 2566 2939; baseline -0.001 -20"><span class='ocrx_word' id='word_1_228' title='bbox 489 2863 702 2920; x_wconf 89' lang='lat' dir='ltr'><strong>tabulis</strong></span> <span class='ocrx_word' id='word_1_229' title='bbox 752 2863 1048 2937; x_wconf 89' lang='lat' dir='ltr'><strong>professus</strong></span> <span class='ocrx_word' id='word_1_230' title='bbox 1099 2880 1252 2936; x_wconf 88' lang='lat' dir='ltr'><strong>quae</strong></span> <span class='ocrx_word' id='word_1_231' title='bbox 1306 2865 1464 2921; x_wconf 77' lang='lat' dir='ltr'><strong>selae</strong></span> <span class='ocrx_word' id='word_1_232' title='bbox 1512 2882 1585 2921; x_wconf 89' lang='lat' dir='ltr'><strong>ex</strong></span> <span class='ocrx_word' id='word_1_233' title='bbox 1636 2864 1730 2921; x_wconf 62' lang='lat' dir='ltr'><strong>illa</strong></span> <span class='ocrx_word' id='word_1_234' title='bbox 1781 2864 2147 2937; x_wconf 80' lang='lat' dir='ltr'><strong>professiene</strong></span> <span class='ocrx_word' id='word_1_235' title='bbox 2198 2864 2566 2939; x_wconf 82' lang='lat' dir='ltr'><strong>conlegieque</strong></span> 
     </span>
     <span class='ocr_line' id='line_1_33' title="bbox 488 2960 2347 3035; baseline 0.002 -19"><span class='ocrx_word' id='word_1_236' title='bbox 488 2965 822 3035; x_wconf 81' lang='lat' dir='ltr'><strong>praeterum</strong></span> <span class='ocrx_word' id='word_1_237' title='bbox 846 2960 1121 3018; x_wconf 92' lang='lat' dir='ltr'><strong>obtinent</strong></span> <span class='ocrx_word' id='word_1_238' title='bbox 1151 2961 1521 3034; x_wconf 68' lang='lat' dir='ltr'><strong>pfiblicerum</strong></span> <span class='ocrx_word' id='word_1_239' title='bbox 1550 2961 1882 3019; x_wconf 58' lang='lat' dir='ltr'><strong>tabula-irum</strong></span> <span class='ocrx_word' id='word_1_240' title='bbox 1913 2963 2347 3020; x_wconf 68' lang='lat' dir='ltr'><strong>aucteritetem.</strong></span> 
     </span>
    </p>
   </div>
   <div class='ocr_carea' id='block_1_8' title="bbox 583 3151 2487 3286">
    <p class='ocr_par' dir='ltr' id='par_1_10' title="bbox 583 3151 2487 3286">
     <span class='ocr_line' id='line_1_34' title="bbox 583 3151 2487 3202; baseline 0.001 -4"><span class='ocrx_word' id='word_1_241' title='bbox 583 3152 674 3198; x_wconf 81' lang='lat' dir='ltr'><strong>His</strong></span> <span class='ocrx_word' id='word_1_242' title='bbox 705 3152 980 3199; x_wconf 86' lang='lat' dir='ltr'><strong>enrolment</strong></span> <span class='ocrx_word' id='word_1_243' title='bbox 1009 3152 1060 3198; x_wconf 87' lang='lat' dir='ltr'><strong>in</strong></span> <span class='ocrx_word' id='word_1_244' title='bbox 1091 3154 1236 3199; x_wconf 83' lang='lat' dir='ltr'><strong>other</strong></span> <span class='ocrx_word' id='word_1_245' title='bbox 1264 3153 1432 3198; x_wconf 84' lang='lat' dir='ltr'><strong>cities.</strong></span> <span class='ocrx_word' id='word_1_246' title='bbox 1495 3153 1600 3199; x_wconf 82' lang='lat' dir='ltr'><strong>The</strong></span> <span class='ocrx_word' id='word_1_247' title='bbox 1631 3153 1845 3200; x_wconf 81' lang='lat' dir='ltr'><strong>absence</strong></span> <span class='ocrx_word' id='word_1_248' title='bbox 1876 3151 1930 3200; x_wconf 85' lang='lat' dir='ltr'><strong>of</strong></span> <span class='ocrx_word' id='word_1_249' title='bbox 1957 3153 2040 3201; x_wconf 85' lang='lat' dir='ltr'><strong>his</strong></span> <span class='ocrx_word' id='word_1_250' title='bbox 2069 3166 2217 3201; x_wconf 84' lang='lat' dir='ltr'><strong>name</strong></span> <span class='ocrx_word' id='word_1_251' title='bbox 2246 3153 2375 3202; x_wconf 82' lang='lat' dir='ltr'><strong>from</strong></span> <span class='ocrx_word' id='word_1_252' title='bbox 2404 3156 2487 3202; x_wconf 83' lang='lat' dir='ltr'><strong>the</strong></span> 
     </span>
     <span class='ocr_line' id='line_1_35' title="bbox 1140 3226 1926 3286; baseline 0.003 -14"><span class='ocrx_word' id='word_1_253' title='bbox 1140 3238 1323 3274; x_wconf 84' lang='lat' dir='ltr'><strong>census</strong></span> <span class='ocrx_word' id='word_1_254' title='bbox 1353 3228 1400 3273; x_wconf 86' lang='lat' dir='ltr'><strong>is</strong></span> <span class='ocrx_word' id='word_1_255' title='bbox 1431 3226 1483 3274; x_wconf 84' lang='lat' dir='ltr'><strong>of</strong></span> <span class='ocrx_word' id='word_1_256' title='bbox 1510 3239 1573 3274; x_wconf 87' lang='lat' dir='ltr'><strong>no</strong></span> <span class='ocrx_word' id='word_1_257' title='bbox 1601 3228 1926 3286; x_wconf 84' lang='lat' dir='ltr'><strong>importance.</strong></span> 
     </span>
    </p>
   </div>
   <div class='ocr_carea' id='block_1_9' title="bbox 487 3354 2561 3529">
    <p class='ocr_par' dir='ltr' id='par_1_11' title="bbox 487 3354 2561 3529">
     <span class='ocr_line' id='line_1_36' title="bbox 507 3354 2561 3431; baseline -0.001 -20"><span class='ocrx_word' id='word_1_258' title='bbox 507 3379 510 3381; x_wconf 55' lang='grc'><strong>’</strong></span> <span class='ocrx_word' id='word_1_259' title='bbox 565 3356 636 3411; x_wconf 91' lang='lat' dir='ltr'><strong>V.</strong></span> <span class='ocrx_word' id='word_1_260' title='bbox 695 3354 853 3410; x_wconf 89' lang='lat' dir='ltr'><strong>Nam</strong></span> <span class='ocrx_word' id='word_1_261' title='bbox 897 3372 1032 3410; x_wconf 90' lang='lat' dir='ltr'><strong>cum</strong></span> <span class='ocrx_word' id='word_1_262' title='bbox 1078 3355 1235 3428; x_wconf 87' lang='lat' dir='ltr'><strong>Appi</strong></span> <span class='ocrx_word' id='word_1_263' title='bbox 1277 3354 1511 3412; x_wconf 85' lang='lat' dir='ltr'><strong>tabulae</strong></span> <span class='ocrx_word' id='word_1_264' title='bbox 1556 3356 1963 3431; x_wconf 85' lang='lat' dir='ltr'><strong>neglegentius</strong></span> <span class='ocrx_word' id='word_1_265' title='bbox 2023 3355 2370 3415; x_wconf 68' lang='lat' dir='ltr'><strong>adservetae</strong></span> <span class='ocrx_word' id='word_1_266' title='bbox 2426 3356 2561 3414; x_wconf 90' lang='lat' dir='ltr'><strong>dice-</strong></span> 
     </span>
     <span class='ocr_line' id='line_1_37' title="bbox 487 3451 2559 3529; baseline -0 -21"><span class='ocrx_word' id='word_1_267' title='bbox 487 3461 705 3522; x_wconf 90' lang='lat' dir='ltr'><strong>rentur,</strong></span> <span class='ocrx_word' id='word_1_268' title='bbox 738 3452 971 3520; x_wconf 89' lang='lat' dir='ltr'><strong>Gabini,</strong></span> <span class='ocrx_word' id='word_1_269' title='bbox 1003 3468 1180 3524; x_wconf 88' lang='lat' dir='ltr'><strong>quam</strong></span> <span class='ocrx_word' id='word_1_270' title='bbox 1228 3451 1330 3508; x_wconf 62' lang='lat' dir='ltr'><strong>dit-1</strong></span> <span class='ocrx_word' id='word_1_271' title='bbox 1378 3452 1689 3515; x_wconf 85' lang='lat' dir='ltr'><strong>incolumis</strong></span> <span class='ocrx_word' id='word_1_272' title='bbox 1735 3455 1857 3524; x_wconf 87' lang='lat' dir='ltr'><strong>fuit,</strong></span> <span class='ocrx_word' id='word_1_273' title='bbox 1901 3454 2125 3526; x_wconf 70' lang='lat' dir='ltr'><strong>levites,</strong></span> <span class='ocrx_word' id='word_1_274' title='bbox 2169 3465 2306 3529; x_wconf 91' lang='lat' dir='ltr'><strong>post</strong></span> <span class='ocrx_word' id='word_1_275' title='bbox 2348 3454 2559 3510; x_wconf 66' lang='lat' dir='ltr'><strong>damne-</strong></span> 
     </span>
    </p>
   </div>
   <div class='ocr_carea' id='block_1_10' title="bbox 2641 77 2665 3273">
    <p class='ocr_par' dir='ltr' id='par_1_12' title="bbox 2641 77 2665 3273">
     <span class='ocr_line' id='line_1_38' title="bbox 2641 77 2665 3273; baseline 0 0"><span class='ocrx_word' id='word_1_276' title='bbox 2641 77 2665 3273; x_wconf 95' lang='lat' dir='ltr'><strong> </strong></span> 
     </span>
    </p>
   </div>
   <div class='ocr_carea' id='block_1_11' title="bbox 487 3548 2653 3625">
    <p class='ocr_par' dir='ltr' id='par_1_13' title="bbox 487 3548 2653 3625">
     <span class='ocr_line' id='line_1_39' title="bbox 487 3548 2653 3625; baseline -0.001 -19"><span class='ocrx_word' id='word_1_277' title='bbox 487 3550 710 3606; x_wconf 81' lang='lat' dir='ltr'><strong>tienem</strong></span> <span class='ocrx_word' id='word_1_278' title='bbox 744 3548 1048 3605; x_wconf 68' lang='lat' dir='ltr'><strong>calamitas</strong></span> <span class='ocrx_word' id='word_1_279' title='bbox 1072 3566 1313 3604; x_wconf 88' lang='lat' dir='ltr'><strong>omnem</strong></span> <span class='ocrx_word' id='word_1_280' title='bbox 1334 3550 1663 3607; x_wconf 63' lang='lat' dir='ltr'><strong>tabula-irum</strong></span> <span class='ocrx_word' id='word_1_281' title='bbox 1684 3550 1868 3608; x_wconf 89' lang='lat' dir='ltr'><strong>fidem</strong></span> <span class='ocrx_word' id='word_1_282' title='bbox 1889 3557 2261 3625; x_wconf 67' lang='lat' dir='ltr'><strong>resignasset,</strong></span> <span class='ocrx_word' id='word_1_283' title='bbox 2294 3549 2559 3614; x_wconf 78' lang='lat' dir='ltr'><strong>MetelluS,</strong></span> <span class='ocrx_word' id='word_1_284' title='bbox 2652 3556 2653 3591; x_wconf 67' lang='lat'>1</span> 
     </span>
    </p>
   </div>
   <div class='ocr_carea' id='block_1_12' title="bbox 488 3644 2559 3723">
    <p class='ocr_par' dir='ltr' id='par_1_14' title="bbox 488 3644 2559 3723">
     <span class='ocr_line' id='line_1_40' title="bbox 488 3644 2559 3723; baseline -0 -22"><span class='ocrx_word' id='word_1_285' title='bbox 488 3647 670 3701; x_wconf 81' lang='lat' dir='ltr'><strong>home</strong></span> <span class='ocrx_word' id='word_1_286' title='bbox 710 3644 1109 3701; x_wconf 65' lang='lat' dir='ltr'><strong>senctissimus</strong></span> <span class='ocrx_word' id='word_1_287' title='bbox 1149 3644 1736 3720; x_wconf 90' lang='lat' dir='ltr'><strong>modestissimusque</strong></span> <span class='ocrx_word' id='word_1_288' title='bbox 1767 3649 2052 3719; x_wconf 88' lang='lat' dir='ltr'><strong>omnium,</strong></span> <span class='ocrx_word' id='word_1_289' title='bbox 2085 3654 2252 3706; x_wconf 68' lang='lat' dir='ltr'><strong>tante</strong></span> <span class='ocrx_word' id='word_1_290' title='bbox 2287 3645 2559 3723; x_wconf 65' lang='lat' dir='ltr'><strong>diligentie</strong></span> 
     </span>
    </p>
   </div>
   <div class='ocr_carea' id='block_1_13' title="bbox 489 3739 2653 3831">
    <p class='ocr_par' dir='ltr' id='par_1_15' title="bbox 489 3739 2653 3831">
     <span class='ocr_line' id='line_1_41' title="bbox 489 3739 2653 3831; baseline 0 -34"><span class='ocrx_word' id='word_1_291' title='bbox 489 3741 596 3797; x_wconf 89' lang='lat' dir='ltr'><strong>suit</strong></span> <span class='ocrx_word' id='word_1_292' title='bbox 641 3747 708 3795; x_wconf 90' lang='lat' dir='ltr'><strong>ut</strong></span> <span class='ocrx_word' id='word_1_293' title='bbox 756 3739 831 3794; x_wconf 89' lang='lat' dir='ltr'><strong>ad</strong></span> <span class='ocrx_word' id='word_1_294' title='bbox 883 3740 948 3795; x_wconf 88' lang='lat' dir='ltr'><strong>L.</strong></span> <span class='ocrx_word' id='word_1_295' title='bbox 994 3739 1310 3796; x_wconf 90' lang='lat' dir='ltr'><strong>Lentulum</strong></span> <span class='ocrx_word' id='word_1_296' title='bbox 1366 3748 1702 3814; x_wconf 83' lang='lat' dir='ltr'><strong>praeterem</strong></span> <span class='ocrx_word' id='word_1_297' title='bbox 1747 3755 1806 3802; x_wconf 91' lang='lat' dir='ltr'><strong>et</strong></span> <span class='ocrx_word' id='word_1_298' title='bbox 1849 3745 1927 3802; x_wconf 89' lang='lat' dir='ltr'><strong>ad</strong></span> <span class='ocrx_word' id='word_1_299' title='bbox 1978 3745 2206 3803; x_wconf 74' lang='lat' dir='ltr'><strong>ifidices</strong></span> <span class='ocrx_word' id='word_1_300' title='bbox 2255 3746 2474 3804; x_wconf 89' lang='lat' dir='ltr'><strong>venerit</strong></span> <span class='ocrx_word' id='word_1_301' title='bbox 2514 3748 2558 3797; x_wconf 92' lang='lat' dir='ltr'><strong>et</strong></span> <span class='ocrx_word' id='word_1_302' title='bbox 2652 3810 2653 3831; x_wconf 14' lang='grc' dir='ltr'><strong>χ</strong></span> 
     </span>
    </p>
   </div>
  </div>
 </body>
</html>
