2719 4161
356 1551 408 1583 10

354 2047 403 2096 ¹5

349 2531 406 2562 20

349 3022 403 3069 25

468 278 493 325 1
506 277 604 345 04
1031 267 1457 326 ORATIONS
1517 267 1623 325 OF
1681 267 1986 325 CICERO

457 452 708 525 indiciis,
739 452 1206 512 confessienibus
1236 458 1350 510 suis
1385 450 1605 510 ifidicie
1648 457 1884 511 seneffis
1911 456 2032 510 nen
2063 449 2250 510 modo
2280 454 2582 527 praeteris

457 551 544 610 isis
573 555 772 608 verum
815 553 992 610 etiarn
1033 551 1173 608 civis
1214 557 1507 622 emiserat,
1538 562 1738 609 tamen
1784 552 2125 626 magistritfi
2156 556 2219 609 se
2250 552 2583 623 abdicetvit,

456 660 519 707 ut
564 667 715 723 quae
746 650 949 725 religie
979 651 1044 709 C.
1083 630 1291 719 Marie,
1323 648 1647 707 clerissime
1675 650 1818 720 vire,
1851 655 1971 707 nen
2003 650 2190 706 fuerat
2221 655 2346 724 que
2383 650 2584 707 minus

455 748 524 805 C.
557 748 882 818 Glauciam,
913 747 990 806 de
1018 753 1139 822 que
1168 748 1310 804 nihil
1343 748 1687 805 nerninetim
1720 757 1844 805 erat
1875 748 2200 818 decretum,
2227 754 2584 823 praeterem

454 846 776 916 occideret,
823 851 895 903 eii
946 851 1053 903 nes
1101 846 1385 920 religiene
1443 846 1501 903 in
1527 882 1530 885 ψ
1552 851 1778 921 ρῐῑνέιῑό
1830 847 1893 904 Ρ.
1947 845 2204 903 Lentule
2259 846 2583 921 pfiniende

452 942 848 1001 libereremur.

625 1118 842 1166 Succosa
873 1118 1066 1178 mainly
1099 1119 1195 1165 due
1226 1120 1281 1166 to
1313 1117 1577 1166 Catiline’s
1610 1090 1839 1165 enforced
1868 1118 2023 1178 ssight
2057 1117 2188 1165 from
2220 1119 2403 1167 Rome.

529 1240 670 1296 VII.
730 1240 904 1296 Nunc
928 1239 1229 1313 quoniam,
1256 1239 1533 1313 QuiriteS,
1554 1239 2108 1297 censceleretissimi
2136 1239 2576 1313 periculesissi·

452 1343 648 1410 mique
676 1337 816 1394 belli
846 1337 1100 1394 neffiries
1130 1338 1312 1395 duces
1341 1342 1551 1411 captes
1581 1337 1694 1394 iam
1730 1346 1789 1394 et
1823 1337 2292 1413 comprehensos
2334 1338 2576 1407 tenetiS‚

451 1435 781 1491 existima-ire
805 1434 1035 1493 debetis
1065 1440 1256 1492 omnis
1276 1435 1566 1493 Catilinae
1591 1434 1813 1509 οὸρίεῑε,
1835 1441 2024 1492 omnis
2043 1439 2180 1509 spes
2203 1444 2392 1509 atque
2425 1440 2576 1510 opes

451 1529 539 1588 his
563 1532 822 1605 depulsis
852 1533 1010 1590 urbis
1040 1532 1310 1607 periculis
1340 1532 1692 1590 concidisse.
1782 1532 1976 1605 Quem
2011 1531 2257 1606 quidem
2287 1551 2407 1608 ego
2431 1552 2574 1590 cum

452 1646 522 1686 ex
571 1629 716 1687 urbe
767 1630 1077 1703 pellebam,
1117 1629 1231 1686 hec
1285 1630 1672 1704 pre->videbam
1722 1630 1941 1702 anime,
1995 1630 2277 1702 Quirite5‚
2330 1636 2573 1689 remete

450 1727 700 1784 Catilina
737 1732 856 1784 nen
898 1727 1036 1783 mihi
1070 1746 1197 1785 esse
1235 1729 1299 1784 P.
1334 1728 1566 1785 Lentuli
1603 1746 1874 1785 somnum
1911 1745 2022 1785 nec
2055 1729 2116 1784 L.
2152 1728 2327 1786 Cassi
2360 1729 2574 1803 adipes

448 1843 560 1883 nec
606 1825 673 1882 C.
719 1824 967 1900 Cethegi
1013 1825 1285 1882 furiesam
1333 1826 1730 1883 temeritz’iteni
1781 1825 2344 1900 pertimescendam.
2464 1827 2576 1885 Ille

448 1932 572 1979 erat
616 1927 764 1980 tinus
808 1923 1103 1980 timendus
1148 1941 1222 1979 ex
1265 1924 1386 1980 istis
1430 1924 1723 1995 omnibuS‚
1766 1924 1874 1982 sed
1906 1933 2026 1981 tam
2063 1923 2164 1981 difi
2209 1923 2361 1981 dum
2407 1926 2575 1984 urbis

451 2020 758 2078 moenibus
789 2021 1219 2077 continebatur.
1305 2020 1524 2078 Omnia
1553 2027 1739 2095 norat,
1763 2022 2028 2078 omnium
2059 2020 2253 2079 aditfis
2275 2023 2571 2096 tenebat3

448 2120 762 2193 appellare,
796 2125 1105 2193 temptere,
1138 2120 1449 2176 sollicitere
1496 2130 1745 2194 poterat,
1777 2120 2050 2179 audebat.
2138 2121 2280 2178 Erat
2330 2128 2388 2180 ei
2431 2128 2573 2181 cen-

448 2217 637 2273 silium
682 2216 756 2274 ad
802 2216 1023 2273 facinus
1067 2227 1290 2291 aptum,
1337 2218 1585 2275 censilie
1629 2228 1825 2275 autem
1872 2237 2064 2292 neque
2108 2238 2322 2277 manus
2367 2239 2572 2295 neque

447 2314 643 2388 lingua
672 2313 893 2372 deerat.
981 2316 1105 2372 Iam
1139 2315 1214 2372 ad
1244 2321 1433 2372 certas
1476 2320 1568 2373 res
1613 2317 2012 2374 cenficiendfis
2052 2323 2248 2375 certes
2290 2317 2573 2376 homines

447 2411 714 2468 delectes
770 2430 839 2469 ac
897 2411 1223 2486 descriptes
1281 2413 1555 2471 habebat.
1661 2415 1873 2488 Neque
1922 2419 2079 2482 vere,
2142 2433 2281 2472 curn
2340 2417 2568 2490 aliquid

448 2509 773 2580 mandarat,
805 2510 1141 2567 cenfectum
1173 2511 1418 2584 putabat
1441 2531 1457 2582 ;
1502 2510 1644 2567 nihil
1687 2521 1808 2569 erat
1847 2512 2007 2584 quod
2039 2517 2159 2569 nen
2189 2513 2320 2587 ipse
2354 2514 2568 2584 obiret,

448 2617 801 2678 occurreret,
866 2607 1146 2682 vigilaret,
1214 2607 1505 2665 labereret
1527 2628 1544 2679 3
1633 2609 1825 2683 frigus,
1885 2610 2062 2680 sitim,
2122 2610 2350 2668 famem
2415 2612 2566 2669 ferre

448 2714 697 2779 poterat.

531 2804 710 2858 Hunc
742 2819 852 2876 ego
883 2801 1185 2859 hominem
1219 2812 1339 2859 tarn
1370 2808 1587 2872 ecrem,
1619 2813 1739 2861 tam
1772 2804 2080 2874 audecem,
2112 2814 2235 2862 tam
2268 2813 2566 2880 pareturn,

450 2908 570 2956 tam
615 2898 912 2968 callidum,
945 2909 1063 2956 tam
1108 2900 1168 2956 in
1211 2900 1433 2957 scelere
1471 2902 1830 2975 vigilantem,
1863 2913 1982 2959 tarn
2012 2903 2073 2958 in
2106 2903 2358 2977 perditis
2391 2905 2569 2964 rebus

447 2997 814 3070 diligentem,
847 2997 957 3053 nisi
1001 3014 1072 3054 ex
1116 2996 1456 3055 domesticis
1497 2999 1721 3056 insidiis
1757 3001 1816 3056 in
1847 3005 2143 3058 castrense
2181 3001 2565 3060 latreciniurn

450 3094 1195 3168 compulissem‚—dicam
1241 3095 1301 3152 id
1346 3097 1509 3169 quod
1556 3098 1766 3169 senne,
1813 3098 2329 3171 QuiriteS‚—nen
2393 3101 2566 3159 facile

450 3192 602 3249 hanc
632 3201 855 3248 tantam
888 3192 1101 3249 melem
1137 3193 1272 3250 mali
1303 3199 1338 3250 Ξ
1368 3195 1692 3253 cervicibus
1721 3203 1924 3253 vestris
1955 3196 2336 3270 depulissem.
2422 3201 2480 3256 N
2488 3205 2564 3256 en

449 3290 546 3345 ille
596 3289 765 3346 nebis
815 3290 1140 3346 Seiturnzilia
1192 3292 1609 3362 Censtituisset,
1657 3312 1849 3368 neque
1904 3299 2068 3351 tante
2115 3304 2254 3353 ante
2304 3297 2449 3354 exiti
2497 3315 2564 3353 ac

451 3387 552 3444 fati
603 3386 762 3443 diem
814 3393 897 3445 rei
953 3388 1222 3462 publicae
1276 3389 1757 3463 denuntiavisset,
1809 3410 2001 3466 neque
2051 3394 2451 3452 commisisset
2503 3405 2565 3452 ut

352 3507 410 3555 30
451 3491 696 3560 signum,
742 3496 804 3542 ut
847 3485 1076 3545 litterae
1121 3505 1257 3544 suae
1302 3492 1482 3546 testes
1525 3489 1817 3546 manifesti
1860 3491 2097 3548 sceleris
2141 3490 2561 3567 deprehende·

451 3594 670 3642 rentur.
774 3585 942 3657 Quae
985 3603 1140 3641 nunc
1185 3584 1281 3641 ille
1325 3585 1570 3643 absente
1613 3592 1693 3643 sic
1737 3597 1902 3661 gesta
1944 3599 2079 3646 sunt
2121 3599 2184 3646 ut
2229 3591 2457 3648 nfillum
2505 3592 2561 3648 in

453 3688 674 3759 privet}
716 3681 900 3740 dome
944 3681 1160 3739 ffirtum
1206 3701 1483 3757 umquam
1531 3684 1604 3740 sit
1646 3693 1765 3740 tam
1811 3682 2006 3758 palam
2043 3686 2348 3747 inventum
2380 3707 2561 3764 quam

451 3781 601 3838 haec
650 3790 814 3837 tanta
860 3780 921 3836 in
968 3784 1030 3836 re
1078 3779 1314 3853 pi‘ibliczi
1358 3780 1685 3838 coniuratio
1733 3783 2045 3841 manifeste
2092 3785 2335 3844 inventa
2380 3799 2559 3863 atque
