2719 4161
869 257 1027 315 PRo
1093 258 1425 315 MILONE
2058 273 2081 317 1
2101 250 2189 339 89

195 520 287 568 llis
317 520 491 568 action
520 520 572 565 in
603 519 832 579 creating
861 519 971 566 thie
1002 521 1145 566 court
1176 519 1346 579 points
1382 521 1437 567 to
1463 521 1553 566 the
1585 521 1835 580 acquittal
1865 521 1917 568 of
1945 522 2081 569 Milo.

163 648 383 705 XXVI.
442 647 598 705 Vide·
653 624 835 720 quam
890 646 964 704 sit
1016 646 1175 703 varia
1217 653 1373 704 vitae
1430 649 1981 724 commfitabilisque
2029 651 2195 721 ratio,

94 843 252 914 estiis,
282 861 468 917 quam
511 842 590 900 ad
626 852 859 916 tempus
888 851 1061 916 aptae
1092 842 1512 912 simulatione&
1550 855 1805 917 quantae
1837 844 1896 901 in
1925 845 2199 919 periculis

95 940 252 1015 fugae
282 941 709 1015 proximorum,
741 950 994 1013 quantae
1025 939 1387 997 timiditat'eS.
1462 940 1606 1011 Erit,
1634 942 1743 998 erit
1766 942 1905 1000 illud
1931 943 2200 1017 profecto

96 1049 316 1113 tempus
354 1048 419 1096 et
456 1038 782 1095 inh‘icescet
815 1036 1132 1111 aliquando
1167 1038 1263 1095 ille
1301 1037 1429 1095 dies
1466 1057 1602 1106 cum
1639 1043 1700 1096 tsi
1740 1041 2100 1112 salfitaribuS,
2135 1052 2199 1099 ut
2269 1061 2293 1110 5

98 1140 276 1209 spero,
308 1136 487 1194 rebus
522 1142 635 1193 tuis
673 1134 778 1192 sed
819 1134 1062 1192 fortasse
1094 1139 1260 1192 moti]
1292 1136 1490 1209 aliquo
1526 1139 1930 1194 commfinium
1966 1150 2197 1214 tempo-

99 1239 436 1307 rum—qui
480 1251 659 1307 quam
708 1232 919 1290 crebro
966 1233 1218 1303 accidat,
1264 1240 1490 1308 experti
1540 1241 1687 1292 scire
1738 1235 2119 1294 debEmus—
2141 1247 2199 1294 et

104 1332 430 1388 amicissimi
458 1330 935 1388 benevolentiam
971 1340 1030 1387 et
1067 1331 1390 1405 gravissimi
1430 1332 1686 1390 hominis
1719 1333 1902 1390 fidem
1941 1345 2001 1391 et
2030 1339 2198 1392 Unius

103 1439 220 1501 post
239 1428 512 1487 homines
535 1434 705 1485 natos
727 1428 1024 1485 fortissimi
1046 1428 1152 1485 viri
1184 1429 1652 1504 magnitfidinem
1675 1432 1856 1487 animi
1878 1431 2198 1489 desideres,

177 1526 552 1601 Quamquam
598 1527 728 1601 quis
778 1526 892 1584 hoc
938 1527 1161 1598 credat,
1215 1529 1324 1586 Cn.
1366 1528 1734 1603 Pompeium,
1774 1530 1911 1586 ifiris
1961 1531 2198 1603 pfiblici,
2245 1561 2299 1591 10

108 1626 266 1681 moris
296 1626 607 1695 maiorum,
634 1631 721 1682 rei
749 1624 1006 1698 denique
1036 1625 1308 1699 psiblicae
1339 1626 1774 1700 peritissimum,
1800 1646 1937 1684 cum
1965 1634 2201 1686 senatus

113 1728 157 1777 ei
182 1722 536 1780 commiserit
565 1732 631 1779 ut
657 1722 884 1779 videret
920 1727 997 1779 ne
1026 1722 1170 1796 quid
1202 1728 1293 1780 res
1322 1723 1561 1798 pfiblica
1589 1724 1932 1782 detrimenti
1961 1737 2201 1800 caperet

114 1820 243 1893 (qus)
283 1826 405 1878 ῦηὸ
448 1821 736 1878 versiculo
778 1821 916 1877 satis
958 1826 1170 1878 armati
1199 1839 1436 1895 semper
1462 1822 1732 1879 consules
1762 1822 1992 1879 suetunt
2022 1825 2200 1881 etiam

116 1919 262 1976 millis
292 1927 470 1978 armis
508 1918 722 1994 datis),
757 1918 914 1975 hunc
946 1919 1227 1989 exercitii,
1266 1918 1424 1975 hunc
1464 1918 1683 1976 dilecti-1
1721 1920 1881 1991 dato,
1917 1920 2201 1978 ifidicium

117 2022 566 2090 exspectati—irum
609 2018 781 2074 fuisse
826 2017 887 2074 in
917 2017 1041 2074 eius
1071 2016 1329 2074 consiliis
1359 2015 1731 2074 vindicandis
1761 2024 1861 2092 qui
1890 2025 1946 2076 vi
1985 2019 2202 2077 ifidicia
2247 2038 2296 2087 15

121 2112 227 2186 ipsa
265 2117 536 2175 tolleret?
620 2116 768 2174 Satis
811 2115 1138 2173 indicatum
1183 2125 1270 2172 est
1314 2121 1350 2172 Ξ
1394 2116 1700 2189 Pompeio,
1731 2116 1887 2187 satis,
1920 2117 2064 2175 falso
2094 2118 2203 2175 ista

121 2214 343 2272 conferri
386 2216 448 2272 in
491 2215 805 2284 Milonem,
835 2220 935 2287 qui
971 2214 1161 2288 legem
1204 2213 1334 2270 tulit
1368 2218 1504 2287 qua,
1536 2223 1599 2270 ut
1634 2231 1746 2288 ego
1787 2215 1994 2284 sentio,
2034 2215 2202 2272 Milo-

125 2326 236 2367 nem
274 2313 496 2372 absolvi
538 2318 575 2370 Ξ
615 2311 783 2369 vobis
827 2316 1146 2385 oporteret,
1190 2321 1254 2368 ut
1299 2316 1506 2368 omnes
1564 2311 1935 2383 confitentur,
1979 2313 2199 2370 liceret.

126 2406 273 2479 Quod
319 2417 460 2470 νέτὸ
508 2411 568 2467 in
621 2410 719 2466 illo
765 2409 899 2466 loco
950 2418 1129 2483 atque
1186 2408 1296 2466 illis
1352 2409 1726 2483 piiblicorum
1776 2410 2198 2483 praesidiorum

130 2506 282 2581 copiis
322 2502 709 2567 circumfi‘isus
745 2506 933 2577 sedet,
963 2508 1104 2564 satis
1145 2505 1406 2565 declarat
1436 2512 1499 2563 se
1528 2512 1650 2564 non
1679 2513 1962 2564 terrorem
1989 2508 2202 2565 inferre
2245 2534 2301 2565 20

126 2603 261 2662 vobis
296 2607 469 2682 (quid
505 2607 665 2664 enim
709 2605 898 2662 minus
943 2605 1042 2663 illo
1080 2604 1324 2678 dignum
1362 2622 1541 2678 quam
1581 2610 1793 2679 cogere
1828 2615 1890 2662 ut
1924 2611 2027 2663 vos
2067 2625 2201 2662 eum

132 2701 522 2776 condemnetis,
552 2705 612 2761 in
640 2721 818 2778 quern
849 2703 1109 2760 animum
1142 2702 1446 2760 advertere
1476 2702 1604 2776 ipse
1634 2712 1692 2758 et
1723 2708 1885 2760 more
1919 2704 2203 2760 maiorum

133 2806 179 2852 et
215 2806 307 2859 suo
347 2803 471 2861 ifire
507 2796 708 2877 posset
722 2801 783 2876 ?)
829 2801 934 2858 sed
983 2799 1280 2875 praesidio
1312 2817 1460 2870 esse,
1493 2808 1559 2856 ut
1596 2800 1947 2874 intellegatis
1997 2807 2205 2858 contra

136 2891 424 2957 hesternam
469 2900 629 2958 illam
672 2899 1017 2957 contionem
1060 2898 1238 2955 licere
1281 2897 1449 2955 vobis
1492 2897 1654 2971 quod
1700 2898 1964 2955 sentiatis
2021 2898 2203 2957 libere

134 2989 372 3056 ifidicfire.
2241 3012 2298 3061 25

258 3174 351 3222 The
382 3176 603 3223 removal
633 3173 686 3222 of
714 3175 913 3222 Clodius
944 3175 1040 3221 has
1069 3173 1287 3233 brought
1320 3173 1469 3232 great
1501 3170 1647 3217 relies
1677 3173 1732 3219 to
1762 3173 1851 3217 the
1882 3173 2039 3219 state.

201 3291 422 3354 XXVII.
482 3296 615 3353 Nec
661 3299 801 3352 vero
851 3273 965 3364 mE,
1016 3292 1260 3363 indices,
1309 3291 1666 3350 Clodianum
1715 3298 1936 3348 crimen
1985 3301 2200 3363 movet,

142 3401 224 3443 nec
249 3401 354 3450 tam
384 3412 513 3451 sum
544 3391 790 3450 demens
822 3401 1059 3465 tamque
1080 3397 1257 3447 vestri
1281 3393 1484 3447 sensiis
1512 3394 1748 3463 ignarus
1781 3398 1959 3462 atque
1991 3408 2200 3463 expers

147 3493 191 3538 ut
225 3491 463 3548 nesciam
514 3489 657 3564 quid
703 3491 780 3547 de
826 3499 1014 3545 morte
1062 3488 1238 3545 Clodi
1284 3486 1568 3544 sentiatis,
1672 3487 1766 3543 De
1812 3492 1953 3559 qussai5
1994 3493 2042 3543 si
2085 3487 2199 3542 iam

147 3582 314 3643 nollem
344 3589 425 3645 ita
459 3587 682 3645 diluere
717 3593 941 3643 crimen
972 3596 1035 3642 ut
1065 3586 1224 3654 dilui,
1256 3594 1458 3642 tamen
1488 3584 1729 3657 impfine
1762 3584 1978 3639 Miloni
2007 3584 2200 3657 palam

151 3676 349 3741 Clamare
392 3704 460 3741 ac
507 3691 737 3742 mentiri
780 3685 1030 3758 gloriose
1074 3683 1313 3740 liceret:
1379 3680 1648 3750 ‘Occidi,
1693 3680 1886 3736 occidi
1932 3685 2050 3735 non
2101 3682 2198 3754 Sp.
2242 3707 2298 3749 30

153 3771 399 3854 Maelium,
437 3788 540 3856 qui
585 3786 822 3839 annona
866 3779 1119 3837 levanda
1164 3780 1519 3851 iactflrisque
1567 3783 1649 3833 rei
1700 3775 2013 3844 familiariS,
2062 3775 2199 3846 quia
