2719 4161
361 1933 416 1965 10

362 2772 410 2820 ¹5

460 218 601 287 262
1064 230 1430 290 LETTERS
1491 231 1598 289 OF
1656 231 1964 290 CICERO

1417 494 1599 554 XXII

1011 624 1245 675 'rulliu-
1279 624 1342 675 Β.
1377 624 1448 674 D.
1489 625 1806 675 Terentiae
1842 625 2005 676 Suae

528 743 585 802 S.
616 762 668 801 v.
698 742 757 802 b.
789 760 844 801 e.
872 762 928 802 v.
1013 742 1310 801 Redditae
1349 743 1494 800 mihi
1537 742 1780 801 tandem
1810 753 1946 801 sunt
1976 748 2013 802 Ξ
2039 743 2295 802 Caesare
2335 742 2557 802 litterae

448 841 586 898 satis
617 841 901 914 liberales,
932 849 995 898 et
1019 841 1163 915 ipse
1207 840 1492 914 opinione
1539 841 1789 899 celerius
1831 846 2110 899 ventiirus
2146 859 2274 900 esse
2309 841 2555 912 dicitur;

449 939 544 997 cui
578 950 771 997 utrum
806 939 1040 997 obviam
1076 936 1400 1014 procedam
1434 957 1511 997 an
1542 939 1638 996 hic
1674 957 1808 997 eum
1845 950 2204 1015 exspectem,
2235 958 2375 997 cum
2420 943 2555 997 con·

448 1038 712 1109 stituero,
754 1037 967 1095 faciam
1018 1041 1077 1095 te
1124 1036 1459 1095 certiorem.
1546 1037 1908 1096 Tabellarios
1962 1038 2106 1095 mihi
2151 1037 2326 1095 velim
2385 1055 2553 1112 quam

447 1141 703 1210 primurn
759 1134 1040 1193 remittas.
1123 1133 1542 1192 Valetudinem
1597 1144 1760 1193 tuam
1805 1139 1948 1193 cura
1988 1135 2313 1211 diligenter.
2395 1134 2552 1193 Vale.

450 1233 529 1290 D.
557 1249 646 1307 pr.
678 1232 772 1290 Id.
801 1232 958 1291 Sext.

1396 1364 1609 1422 XXIII

1005 1494 1238 1545 'fumun
1274 1494 1337 1545 Β.
1372 1494 1443 1544 D.
1486 1494 1802 1545 Terentiae
1838 1495 2001 1545 Suae

530 1613 584 1672 S.
628 1633 683 1672 v.
727 1612 785 1671 b.
830 1631 882 1672 e.
925 1633 980 1672 v.
1065 1613 1194 1671 Nos
1235 1611 1483 1672 cottidie
1527 1612 1861 1671 tabellarios
1900 1618 2326 1688 exspectamus,
2365 1618 2470 1687 qui
2502 1618 2546 1669 si

447 1711 734 1782 venerint,
780 1710 1021 1769 fortasse
1072 1711 1288 1768 erimus
1335 1710 1618 1768 certiores
1667 1709 1812 1785 quid
1864 1710 2034 1769 nobis
2085 1709 2412 1768 faciendum
2458 1710 2541 1781 sit,

451 1808 850 1883 faciemusque
882 1813 940 1867 te
970 1809 1164 1866 statim
1196 1807 1530 1866 certiorem.
1614 1807 2036 1866 Valetudinem
2068 1816 2231 1865 tuam
2259 1811 2396 1865 cura
2423 1805 2538 1864 dni-

448 1916 678 1982 genter.
760 1905 924 1964 Vale.
1009 1906 1088 1963 K.
1118 1904 1452 1981 Septembr.

1401 2111 1605 2169 XXIV

1105 2241 1340 2292 Tumu-
1374 2242 1691 2292 Terentiae
1727 2241 1887 2292 Suae

532 2361 605 2419 In
631 2361 1031 2420 Tusculanum
1076 2364 1184 2417 nos
1227 2364 1506 2418 venti-nos
1552 2365 1825 2434 putamus
1859 2368 1961 2417 aut
1999 2359 2195 2417 Nonis
2224 2369 2325 2418 aut
2350 2363 2529 2435 postri-

449 2459 567 2518 die.
654 2459 746 2518 Ibi
774 2469 839 2517 ut
868 2460 983 2516 sint
1012 2458 1213 2516 omnia
1239 2463 1461 2533 parata.
1550 2458 1751 2516 Plures
1783 2457 1940 2515 enim
1975 2457 2222 2515 fortasse
2253 2457 2530 2516 nobiscum

451 2567 619 2615 erunt
649 2567 727 2627 et,
758 2566 821 2614 ut
864 2556 1128 2627 arbitror,
1160 2554 1379 2613 diutius
1415 2555 1496 2613 ibi
1532 2554 2049 2613 commorabimur.
2136 2555 2391 2614 Librum
2418 2553 2535 2612 siin

450 2654 686 2713 balineo
722 2659 842 2711 non
877 2663 984 2725 est,
1015 2664 1079 2712 ut
1108 2654 1180 2711 sit
1201 2674 1219 2726 3
1268 2654 1410 2711 item
1452 2657 1651 2711 cetera
1680 2671 1833 2728 quae
1870 2662 2006 2711 sunt
2033 2651 2113 2710 ad
2143 2659 2365 2710 victum
2393 2661 2450 2710 et
2472 2648 2535 2707 ad

447 2751 846 2811 valetfidinem
876 2751 1221 2809 necessaria.
1308 2751 1472 2809 Vale.
1560 2751 1636 2808 K.
1669 2750 1806 2810 Oct.
1837 2749 1915 2808 de
1942 2750 2271 2810 Venusino.

530 2924 676 2971 Fam.
712 2935 786 2983 14.
824 2936 901 2984 23,
936 2923 1130 2970 written
1167 2927 1216 2970 at
1247 2922 1587 2980 Brundisium,
1622 2924 1755 2983 Aug.
1797 2933 1871 2979 12,
1905 2931 1972 2985 47
2005 2932 2102 2970 B.C.
2196 2933 2238 2971 1.
2272 2921 2535 2970 tandem:

448 2998 547 3047 this
580 2998 721 3046 word
752 2999 948 3060 betrays
982 2998 1199 3046 Cicero's
1235 2998 1435 3060 anxiety
1470 2998 1572 3046 and
1604 2997 1916 3059 uncertainty
1950 3012 2006 3044 as
2041 3003 2094 3044 to
2126 2995 2356 3045 Caesar’s
2393 2997 2536 3043 inten-

448 3076 595 3123 tionS.
695 3087 739 3122 2.
776 3075 929 3123 satia
972 3075 1282 3124 libera-lea:
1339 3076 1477 3138 quite
1501 3089 1762 3139 generous.
1854 3085 1900 3134 3.
1952 3073 2052 3121 cui
2079 3109 2092 3122 .
2117 3108 2131 3122 .
2156 3108 2170 3122 .
2193 3072 2535 3134 procedamz

447 3151 534 3199 but
548 3151 761 3198 whether
782 3152 883 3214 Igo
904 3158 950 3198 to
974 3159 1098 3199 meet
1127 3152 1250 3199 him.

530 3227 674 3275 Fam.
706 3239 779 3287 14.
806 3240 883 3285 22,
908 3228 1104 3275 written
1137 3233 1187 3275 at
1220 3227 1557 3285 Brundisium,
1584 3226 1721 3289 Sept.
1751 3237 1792 3285 1,
1817 3237 1880 3289 47
1906 3236 2023 3282 B.C.‚
2048 3240 2079 3272 a
2111 3224 2207 3273 few
2235 3226 2358 3289 days
2383 3222 2533 3273 before

447 3301 534 3351 the
559 3303 783 3364 meeting
803 3302 1032 3351 between
1058 3304 1239 3352 Caesar
1265 3305 1366 3352 and
1391 3303 1582 3351 Cicer0.
2027 3345 2035 3351 .

529 3379 676 3427 Fam.
708 3391 780 3438 14.
808 3392 884 3438 20,
903 3380 1100 3428 written
1126 3386 1176 3428 at
1203 3379 1440 3436 Venusia,
1468 3380 1580 3428 Oct.
1612 3391 1652 3435 1,
1676 3389 1741 3441 47
1760 3389 1856 3427 13.C.
1922 3376 2033 3425 The
2056 3377 2409 3426 business-like
2430 3389 2528 3422 con·

408 3453 417 3459 “
448 3456 667 3504 ciseness
702 3454 760 3502 of
787 3454 886 3503 this
920 3455 1065 3504 letter
1103 3455 1205 3502 and
1240 3454 1324 3503 the
1361 3456 1577 3503 absence
1613 3454 1673 3502 of
1712 3469 1808 3516 any
1845 3453 1984 3501 word
2018 3453 2285 3517 betraying
2319 3451 2526 3502 affection

446 3531 587 3581 show
621 3529 728 3578 that
766 3530 849 3579 the
884 3532 1104 3579 troubles
1139 3530 1301 3578 which
1337 3546 1468 3579 were
1504 3539 1557 3579 to
1592 3531 1744 3578 result
1779 3530 1831 3577 in
1864 3545 1894 3578 a
1923 3529 2125 3578 divorce
2157 3530 2287 3578 from
2319 3526 2526 3577 Terentia

446 3622 579 3656 were
596 3607 855 3666 nearinga
879 3607 1028 3654 crisis,
1104 3619 1175 3654 11.
1212 3606 1644 3654 Tusculanum:
1685 3606 1903 3653 Cicero’s
1929 3605 2139 3654 favorite
2166 3605 2301 3654 villa.
2373 3617 2439 3652 ια.
2468 3604 2523 3650 ut

451 3717 463 3730 .
501 3716 514 3730 .
550 3715 564 3729 .
599 3683 841 3739 parata:
902 3696 973 3726 see
1007 3682 1115 3727 that
1145 3681 1435 3743 everytlzing
1479 3682 1522 3727 is
1562 3680 1706 3727 made
1743 3682 1911 3742 ready.
1987 3693 2060 3742 13.
2108 3681 2401 3730 Labrmn‘
2445 3676 2524 3726 tub.

455 3768 535 3815 14.
566 3752 838 3801 balineo:
879 3752 1005 3801 bath.
