2719 4161
435 221 457 266 1
472 222 569 295 74
984 218 1410 274 ORATIONS
1472 219 1578 274 OF
1636 216 1945 274 CICERO

423 395 684 469 sidiator,
714 406 815 474 qui
855 400 968 457 iter
1007 400 1150 458 illud
1194 400 1270 459 ad
1314 402 1564 459 caedem
1615 398 1950 458 faciendam
1993 401 2362 472 apparasset,
2403 412 2537 450 curn

423 499 603 553 uxore
643 496 956 555 veheretur
1008 498 1067 555 in
1125 499 1321 570 raeda,
1364 500 1731 574 .paenulatu5‚
1778 501 1996 571 magno
2039 504 2099 551 et
2142 491 2442 567 impedito
2485 501 2540 547 et

1282 597 1552 653 muliebri
1573 615 1644 653 ac
1675 594 1932 652 delicato
1955 592 2303 649 ancillarum
2326 592 2536 663 puero-

1281 712 1527 767 rumque
1558 693 1864 750 comitatu.
1935 691 2028 747 Fit
2061 688 2299 748 obviam
2325 684 2542 744 Clodio

1280 802 1416 848 ante
1447 790 1696 848 fundum
1728 790 1852 847 e‘ius
1891 789 2037 845 hora
2067 788 2185 866 fere
2217 783 2544 842 Undecima

1279 899 1377 945 aut
1422 893 1541 945 non
1586 888 1774 945 multo
1843 904 2032 943 secus.
2120 883 2332 941 Statim
2381 899 2541 937 com-

1279 986 1474 1060 plureS
1521 1004 1657 1042 curn
1705 979 1835 1041 telis
1880 984 1940 1040 in
1985 982 2145 1039 hunc
2193 979 2425 1037 faciunt
2472 976 2544 1033 de

1277 1083 1412 1139 loco
1502 1082 1803 1157 superiore
1892 1080 2190 1155 impetum
2292 1075 2546 1144 adverSI‚

1277 1180 1606 1238 raedarium
1637 1177 1943 1236 occidunt.

1357 1278 1512 1334 Cum
1558 1286 1757 1333 autem
1810 1276 1907 1332 hic
1955 1274 2032 1332 de
2074 1273 2263 1330 raeda
2327 1271 2550 1328 reiecta

1274 1374 1528 1447 paenula
1571 1373 1905 1431 desiluisset
1947 1376 2132 1445 seque
2177 1376 2304 1427 acri
2349 1369 2551 1425 animo

1274 1470 1643 1541 defenderet,
1684 1471 1766 1527 illi
1803 1476 1907 1544 qui
1941 1477 2111 1525 erant
2145 1486 2289 1524 cum
2332 1464 2552 1525 Clodio

1271 1567 1479 1641 gladiis
1530 1568 1760 1625 {ductis
1821 1567 2037 1641 partim
2096 1582 2412 1622 recurrere
2479 1561 2554 1619 ad

1273 1664 1534 1736 raedam,
1577 1676 1642 1723 ut
1698 1670 1734 1722 Ξ
1791 1669 1959 1738 tergo
2004 1663 2308 1720 Milonem
2355 1660 2548 1717 adori-

1272 1771 1492 1833 rentur,
1534 1763 1768 1836 partim,
1810 1760 1976 1835 quod
2015 1760 2176 1817 hunc
2215 1760 2341 1815 iam
2374 1758 2552 1815 inter-

1272 1860 1492 1917 fectum
1552 1866 1850 1935 putarent,
1917 1858 2181 1916 caedere
2255 1857 2558 1931 incipiunt

1270 1956 1393 2013 eius
1423 1962 1639 2027 servos,
1670 1964 1772 2030 qui
1810 1965 1946 2029 post
1977 1964 2182 2028 erant3
2231 1973 2310 2012 ex
2339 1954 2558 2027 quibus

1268 2060 1370 2127 qui
1400 2054 1600 2112 animo
1630 2054 1793 2112 fideli
1827 2054 1891 2110 in
1921 2052 2244 2111 dominum
2288 2061 2350 2110 et
2384 2068 2556 2127 prae-

1270 2158 1421 2208 senti
1497 2152 1749 2222 fuerunt,
1825 2152 2044 2226 partim
2120 2156 2315 2209 occisi
2401 2158 2558 2218 sunt,

1269 2249 1502 2321 partim,
1533 2268 1670 2306 curn
1703 2249 1780 2306 ad
1814 2249 2060 2307 raedam
2095 2253 2360 2324 piignari
2388 2246 2557 2304 vide-

1267 2355 1418 2416 rent,
1433 2345 1683 2404 domino
1701 2365 2048 2404 succurrere
2065 2347 2560 2420 prohiberentur,

547 2465 685 2510 JUNO
720 2467 787 2502 OF
823 2469 1107 2506 LANuva
1268 2442 1558 2499 Milonem
1603 2451 1871 2501 occisum
1915 2453 1976 2501 et
2031 2463 2108 2500 ex
2149 2444 2289 2518 ipso
2336 2442 2563 2500 Clodio

1264 2538 1536 2596 audirent
1567 2551 1626 2597 et
1662 2546 1726 2598 re
1760 2546 1902 2598 vera
1939 2547 2249 2616 putarent,
2286 2541 2563 2597 fect-{runt

418 2624 479 2682 id
524 2633 673 2684 servi
707 2629 1045 2686 Milonis—
1070 2632 1265 2691 dicam
1308 2637 1467 2692 enim
1500 2642 1726 2711 aperte,
1767 2643 1889 2695 non
1923 2637 2246 2696 derivandi
2291 2637 2564 2694 criminis

314 2731 369 2775 25
418 2729 608 2792 causa,
666 2724 770 2781 sed
826 2736 891 2782 ut
948 2727 1164 2784 facturn
1223 2742 1540 2790 est—nec
1598 2734 1934 2807 imperante
1992 2753 2110 2791 nec
2160 2735 2402 2792 sciente
2449 2751 2564 2790 nec

419 2830 725 2970 praesente
770 2821 1015 2881 domino
1052 2824 1211 2898 quod
1257 2833 1392 2886 suos
1443 2830 1694 2904 quisque
1745 2837 1946 2888 servos
1991 2832 2055 2888 in
2101 2833 2207 2889 tali
2253 2836 2322 2889 re
2360 2832 2566 2888 facere

416 2932 490 2971 vo
512 2926 707 2974 uisset.

864 3084 1063 3133 Clodius
1092 3101 1204 3135 was
1233 3091 1322 3136 the
1353 3092 1533 3138 victim
1564 3093 1618 3140 of
1646 3096 1728 3142 his
1760 3109 1876 3143 own
1907 3098 2080 3144 crime.

495 3209 601 3265 XI.
662 3210 849 3281 Haeo,
894 3219 1063 3269 sicuti
1106 3223 1368 3289 exposui,
1400 3218 1481 3274 ita
1515 3231 1682 3294 gesta
1733 3233 1889 3294 sunt,
1945 3224 2206 3283 iudices,
2301 3211 2567 3284 insidia-

419 3312 511 3360 tor
565 3312 866 3378 superatus
927 3319 1030 3380 est,
1074 3317 1130 3366 vi
1187 3296 1352 3368 victa¹
1400 3321 1502 3385 VIS,
1563 3318 1658 3375 vel
1703 3321 1904 3392 potius
1963 3341 2269 3397 oppressa
2334 3324 2564 3381 virtute

314 3413 371 3456 30
418 3399 662 3457 audacia
701 3412 805 3459 est.
894 3404 1056 3462 Nihil
1095 3406 1230 3463 dico
1268 3410 1414 3482 quid
1457 3416 1549 3468 res
1594 3415 1836 3487 publica
1885 3424 2228 3477 consecr-ita
2271 3421 2368 3492 sit,
2415 3420 2568 3478 nihil

418 3496 559 3568 quid
588 3503 709 3568 vos,
740 3499 882 3555 nihil
920 3501 1062 3573 quid
1106 3508 1310 3560 omnes
1354 3505 1535 3579 boni3
1581 3511 1726 3566 nihil
1771 3519 1917 3572 sane
1963 3515 2026 3572 id
2076 3518 2275 3590 prosit
2322 3519 2568 3588 Miloni,

418 3599 517 3665 qui
551 3592 664 3651 hoc
702 3595 820 3652 fato
862 3602 1029 3654 natus
1073 3607 1177 3669 est,
1210 3611 1273 3657 ut
1312 3606 1387 3658 ne
1433 3609 1496 3661 se'
1525 3607 1770 3678 quidem
1815 3619 2056 3670 servare
2098 3616 2376 3688 potuerit
2419 3622 2570 3690 quin

417 3692 534 3746 fina
562 3708 686 3746 rem
717 3693 1011 3766 publicam
1038 3699 1260 3768 vosque
1290 3704 1563 3758 servaret.
1651 3705 1707 3761 Si
1739 3705 1800 3761 id
1845 3709 1975 3766 ifire
2014 3711 2147 3768 fieri
2180 3718 2307 3770 non
2342 3713 2570 3786 potuit,
