2719 4161
693 248 851 305 PRO
912 248 1234 306 ARCHIA
1296 249 1569 306 POETA
2051 239 2178 329 163

66 431 251 489 malle
279 425 592 503 dabt‘smuS,¹
622 438 864 490 summis
906 431 1154 507 ingeniis
1200 450 1537 506 expressam
1582 443 1641 491 et
1685 434 1974 508 poIItam?
2056 435 2188 508 Ego

66 533 213 586 νέῐὸ
244 530 445 586 omnia
473 547 627 603 quae
656 530 934 603 gerabam
965 530 1081 585 iam
1114 540 1237 587 tum
1283 530 1345 587 in
1380 531 1647 604 gerendo
1685 549 1961 605 spargere
1992 536 2086 588 ma
2118 550 2186 588 ac

62 625 461 684 disse-{minare
492 627 816 684 arbitrabar
846 626 908 684 in
936 627 1095 685 orbis
1127 638 1313 685 terrae
1351 629 1700 685 memoriam
1746 629 2184 703 sempiternam.

67 725 251 780 Haec
293 727 437 781 vara
483 730 605 781 sive
650 729 686 781 a
731 729 867 781 me6
912 730 1088 783 sansa
1133 735 1269 801 post
1318 736 1569 783 mortem
1619 726 1846 783 afutiira
1902 736 1992 785 est
2048 734 2188 799 sive,

64 831 131 879 ut
182 821 607 896 sapientissimi
655 821 924 881 hominas
980 828 1352 898 putavarunt,
1397 825 1474 883 ad
1519 824 1774 899 aliquam
1832 826 2013 883 animi
2071 832 2189 883 mei

73 928 309 993 partem
376 919 718 995 pertinabit,
774 939 932 978 nunc
989 921 1234 996 quidem
1293 927 1455 980 certa
1512 923 1874 997 cagitatione
1930 921 2186 998 quadam

76 1021 304 1091 spaque
348 1018 638 1076 dalector.

157 1115 296 1189 Qua
324 1122 391 1175 ra
419 1122 784 1189 canservate,
815 1117 1060 1190 iadicas,
1089 1118 1396 1176 hominem
1433 1118 1661 1193 pudore
1697 1124 1792 1191 ea,
1821 1137 1999 1194 quem
2044 1125 2187 1177 ami-

79 1218 286 1271 carum
319 1215 537 1273 vidatis
580 1217 958 1290 comprobari
999 1235 1136 1273 cum
1173 1216 1463 1292 dignitate
1493 1226 1617 1274 tum
1650 1217 1831 1275 etiam
1861 1223 2147 1274 vetustate
2170 1237 2187 1289 ;

82 1316 316 1389 ingenia
361 1325 579 1376 ,autem
635 1319 799 1372 tanta
854 1325 1138 1390 quantum
1197 1312 1257 1372 id
1313 1315 1594 1372 convenit
1653 1315 1970 1372 existimari
2025 1314 2188 1389 quod

83 1419 445 1471 summarum
490 1413 796 1470 hominum
841 1413 1091 1487 ingeniis
1133 1419 1459 1487 expetitum
1504 1431 1631 1469 esse
1668 1406 1916 1470 videatis
1940 1433 1955 1484 3
2013 1417 2191 1470 causa

84 1516 216 1569 vara
245 1513 375 1570 aius
404 1510 569 1569 modi
597 1529 751 1586 quae
778 1510 1075 1569 beneficia
1108 1511 1272 1586 lagiS,
1302 1511 1655 1569 aucte->ritate
1693 1510 1997 1584 manicipi,
2029 1510 2187 1567 testi·

88 1611 281 1669 mania
334 1610 583 1682 Lacum,
632 1609 842 1667 tabulis
894 1609 1122 1667 Metelli
1167 1609 1606 1683 comprobetur.
1714 1608 1884 1681 Quae
1928 1627 2064 1665 cum
2111 1610 2192 1665 ita

90 1709 211 1780 sint,
242 1709 502 1784 petimus
532 1714 569 1766 a
595 1707 781 1778 vobiS,
812 1706 1055 1778 iudices,
1089 1714 1134 1765 si
1170 1725 1287 1782 qua
1329 1712 1452 1764 nan
1490 1705 1673 1764 modo
1705 1706 1960 1764 hiimana
1986 1711 2187 1764 varum

91 1808 254 1864 etiam
286 1807 489 1866 divina
517 1807 575 1863 in
607 1812 784 1863 tantis
813 1805 1062 1879 ingeniis
1089 1804 1540 1862 commendati&
1571 1805 1753 1888 dabet
1784 1822 1932 1875 esse,
1961 1814 2026 1862 ut
2056 1823 2189 1861 eum

93 1912 181 1979 qui
205 1910 329 1976 v65,
363 1912 465 1979 qui
491 1909 717 1963 vestras
748 1904 1151 1979 imperatam-38,
1181 1911 1284 1979 qui
1318 1903 1524 1978 populi
1568 1904 1826 1960 Romani
1867 1906 1956 1960 ras
1999 1907 2192 1977 gestas

94 2021 315 2079 semper
344 2003 592 2073 amavit,
622 2009 724 2077 qui
754 2002 932 2060 etiam
962 2002 1050 2059 his
1087 2001 1424 2059 recentibus
1468 2008 1680 2059 nostris
1716 2007 2039 2075 vestrisque
2082 1998 2189 2057 do-

98 2104 339 2160 mesticis
371 2101 642 2176 periculis
666 2110 973 2159 aeternum
1006 2106 1068 2159 sa
1101 2092 1506 2158 testimaniu'm
1540 2100 1729 2158 laudis
1759 2099 2035 2157 datarum
2065 2118 2191 2157 esse

98 2201 406 2272 profitatur,
438 2210 642 2274 estque
688 2218 762 2256 ex
806 2203 880 2256 ea
919 2204 1164 2256 numera
1198 2205 1300 2273 qui
1327 2216 1565 2272 semper
1593 2198 1754 2272 apud
1785 2204 1977 2255 omnis
2006 2203 2194 2254 sancti

2232 1337 2369 1380 ιο,

2236 1814 2286 1863 15

100 2309 216 2354 sunt
258 2298 444 2355 habiti
485 2298 686 2372 itaque
731 2295 895 2367 dicti,
927 2303 1011 2354 sic
1044 2296 1103 2354 in
1141 2305 1396 2354 vestram
1436 2296 1740 2370 accipiatis
1781 2296 1961 2354 fidem
1991 2305 2056 2353 ut
2087 2295 2190 2353 hfi-
2233 2311 2291 2343 20

102 2396 367 2466 inanitate
411 2400 604 2453 vestra
652 2395 876 2452 levatus
926 2395 1120 2469 potius
1170 2412 1346 2469 quam
1399 2394 1719 2452 acerbitate
1766 2393 2014 2451 violatus
2064 2410 2193 2450 esse

102 2491 369 2551 videatur.

171 2590 334 2663 Quae
366 2591 440 2649 de
470 2597 650 2649 causa
679 2596 787 2666 pra
817 2597 951 2649 mea
978 2589 1411 2649 cansuatfidine
1446 2590 1701 2648 breviter
1729 2589 2193 2663 simpliciterque

107 2686 225 2760 dixi,
254 2689 499 2759 iudices,
525 2708 597 2746 ea
625 2689 876 2747 confido
905 2689 1152 2763 probata
1182 2706 1312 2746 esse
1341 2689 1634 2745 omnibus.
1713 2688 1883 2762 Quae
1913 2693 1949 2744 a
1978 2687 2193 2744 foransi

108 2785 273 2844 aliana
314 2787 694 2862 iudicialique
730 2787 1158 2845 cansuatfidine
1189 2797 1248 2844 et
1278 2785 1355 2844 da
1387 2786 1642 2843 hominis
1672 2786 1909 2860 ingenia
1941 2794 2001 2842 et
2029 2804 2190 2842 com·
2224 2798 2276 2845 ²5

112 2885 341 2942 maniter
375 2885 451 2943 de
495 2886 627 2959 ipsa
670 2884 866 2942 studio
909 2886 1138 2942 locatus
1182 2903 1330 2954 sum,
1364 2901 1453 2954 ea,
1484 2883 1729 2954 iudices,
1760 2889 1796 2941 a
1824 2884 1989 2941 vobis
2018 2887 2193 2957 spara

113 2997 218 3038 esse
252 2983 310 3040 in
344 2983 567 3041 bonam
609 2992 837 3058 partem
882 2992 1130 3057 accepta
1150 3001 1168 3054 5
1225 2981 1303 3039 ab
1344 2985 1418 3038 ea
1462 2987 1563 3055 qui
1606 2980 1893 3038 iadicium
1936 2989 2190 3039 exercet.

114 3084 254 3137 certo
280 3080 419 3138 scia.
