2719 4161
504 223 538 272 2
551 223 645 274 20
1059 218 1487 276 ORATIONS
1548 217 1653 274 OF
1713 215 2023 275 CICERO

494 399 659 457 socio
686 406 721 457 Ξ
750 405 847 460 ωὲ
876 412 935 460 et
962 403 1184 461 comite
1228 402 1530 460 distracto.
1618 402 1776 476 Ergo
1820 410 1877 457 et
1919 399 2064 456 mihi
2113 416 2284 456 meae
2326 397 2580 472 pristinae-

491 503 645 555 vitae
691 500 1201 571 consuetudinem,
1247 500 1316 558 C.
1363 501 1600 570 Caesar,
1644 498 2019 555 interclusam
2067 496 2367 570 aperuisti,
2408 505 2458 552 et
2492 495 2551 550 his

493 596 769 655 omnibus
810 596 887 655 ad
931 597 1085 656 bene
1121 597 1198 655 de
1233 604 1396 655 omni
1429 601 1488 654 re
1520 596 1756 671 publica
1786 594 2143 669 spe-trandum
2177 593 2346 668 quasi
2373 598 2551 666 signum

491 694 731 769 aliquod
753 696 1050 754 sustulisti.
1137 697 1514 753 Intellectum
1549 705 1637 752 est
1672 694 1830 751 enim
1865 693 2004 749 mihi
2035 692 2287 766 quidem
2319 691 2379 747 in
2406 689 2552 746 mulus

422 808 446 857 5
495 803 555 849 et
596 791 850 850 maxime
888 792 949 849 in
988 797 1084 850 me'
1122 792 1270 867 ipso,
1301 791 1408 848 sed
1450 792 1625 866 paulo
1665 802 1800 848 ante
1831 790 2128 861 omnibuS‚
2162 808 2305 846 cum
2336 788 2554 845 M.M51-

492 890 706 948 cellum
736 896 962 948 senatui
992 895 1193 964 reique
1227 889 1501 963 publicae
1539 888 1883 945 concessisti
1917 892 2401 944 commemoratis
2431 904 2557 960 prae·

493 988 693 1047 sertim
736 988 1180 1059 offensionibus,
1214 991 1273 1044 te
1303 986 1713 1043 auctoritatem
1754 986 1923 1043 huius
1952 986 2179 1043 ordinis
2224 986 2557 1060 dignitatem-

490 1103 608 1160 que
638 1093 721 1143 rei
748 1087 1019 1161 publicae
1050 1093 1162 1143 tuis
1194 1085 1286 1142 vel
1318 1083 1621 1142 doloribus
1650 1083 1744 1141 vel
1776 1084 2209 1158 suspicionibus
2238 1084 2521 1141 anteferre.

575 1184 679 1240 Ille
725 1184 967 1258 quidem
1012 1183 1262 1242 fri-ictum
1309 1183 1502 1240 omnis
1548 1194 1686 1240 ante
1733 1188 1901 1239 actae
1945 1188 2098 1239 vitae
2157 1182 2445 1239 hodierno
2492 1180 2562 1238 die

399 1299 451 1330 ιο
493 1282 812 1339 maximum
856 1282 1033 1356 cepit,
1064 1300 1200 1339 cum
1231 1286 1462 1339 summo
1488 1285 1779 1338 consensu
1803 1286 2038 1338 senati-is
2077 1291 2204 1338 tum
2243 1280 2456 1339 iudicio
2488 1284 2562 1335 tub

490 1379 832 1453 gravissimo
876 1390 934 1436 et
978 1380 1254 1436 maximo.
1346 1380 1435 1436 Ex
1478 1383 1598 1453 quo
1641 1379 1914 1452 profecto
1960 1379 2253 1455 intellegis
2288 1388 2492 1454 quanta
2521 1378 2561 1433 in

492 1476 633 1534 dato
685 1478 975 1535 beneficio
1015 1477 1087 1535 sit
1132 1477 1274 1548 laus,
1305 1494 1443 1533 cum
1490 1477 1550 1534 in
1593 1482 1844 1551 accepto
1886 1478 1960 1534 sit
2003 1488 2164 1535 tanta
2209 1478 2412 1552 gloria.
2486 1477 2563 1531 Est

490 1578 629 1657 νὲτό
673 1575 995 1632 fortunatus
1026 1575 1138 1645 ille,
1172 1575 1338 1632 cuius
1370 1591 1445 1632 ex
1474 1575 1659 1632 sah-ite
1692 1580 1812 1632 non
1842 1575 2035 1632 minor
2063 1594 2259 1650 paene
2295 1575 2373 1632 ad
2414 1578 2563 1631 omnis

491 1690 669 1746 quam
699 1671 773 1729 ad
806 1674 995 1747 ipsum
1025 1677 1269 1731 ventura
1298 1673 1372 1730 sit
1401 1673 1623 1730 laetitia
1652 1673 1981 1747 pervenerit
2004 1694 2021 1745 ;
2065 1673 2234 1747 quod
2278 1672 2506 1748 quidem
2528 1676 2564 1727 ei

397 1788 445 1834 ¹5
494 1771 703 1828 merito
751 1780 928 1844 atque
976 1771 1207 1844 optimo
1252 1770 1375 1828 isire
1427 1770 1696 1845 contigit.
1805 1771 1953 1843 Quis
1999 1771 2159 1827 enim
2205 1781 2302 1828 est
2351 1770 2445 1827 illo
2491 1775 2565 1826 aut

488 1868 794 1926 nobilitate
837 1879 937 1925 aut
979 1867 1271 1942 probitate
1298 1876 1401 1925 aut
1430 1868 1786 1942 optimarum
1826 1868 2039 1925 artium
2075 1867 2279 1927 studio
2310 1878 2409 1927 aut
2433 1868 2563 1923 inno-

489 1966 687 2023 centia
714 1976 813 2023 aut
841 1967 959 2023 fillo
988 1964 1176 2023 laudis
1205 1982 1424 2040 genere
1454 1966 1886 2041 praestantior?

499 2146 633 2192 Your
661 2147 890 2206 military
923 2146 1320 2203 amovemus,
1355 2145 1515 2193 Gaius
1549 2145 1751 2204 Caesar,
1785 2159 1871 2193 are
1903 2148 2204 2206 unequaled,
2236 2147 2335 2195 but
2362 2146 2466 2194 this
2490 2145 2555 2190 act

1227 2221 1276 2267 is
1308 2221 1422 2267 still
1453 2233 1585 2267 more
1617 2221 1852 2281 glorious.

572 2323 653 2380 ΙΙ.
715 2323 942 2380 Nfillius
990 2332 1217 2380 tantum
1261 2322 1483 2379 flumen
1531 2331 1622 2380 est
1677 2323 1896 2398 ingeni,
1943 2324 2153 2382 nullius
2215 2323 2455 2382 dicendi
2494 2328 2567 2376 aut

489 2420 785 2478 scribendi
829 2429 991 2477 tanta
1031 2426 1133 2491 viS,
1165 2431 1329 2477 tanta
1372 2421 1547 2494 copia
1586 2438 1736 2494 quae
1777 2425 1899 2477 non
1936 2420 2132 2478 dicam
2174 2427 2455 2479 exornare
2486 2415 2565 2475 sed

392 2537 449 2568 20
490 2523 776 2587 enarrare,
822 2517 889 2575 C.
923 2518 1157 2589 Caesar,
1182 2523 1273 2576 res
1319 2523 1446 2575 tuas
1490 2524 1683 2594 gestas
1727 2519 1930 2592 possit.
2041 2520 2276 2576 Tamen
2322 2518 2566 2581 adfirmo,

491 2625 552 2673 et
597 2616 709 2672 hoc
752 2620 901 2690 pace
945 2616 1140 2673 dicam
1186 2622 1303 2688 tua,
1337 2616 1554 2674 millam
1599 2617 1660 2673 in
1703 2616 1791 2673 his
1823 2634 1950 2673 esse
1982 2616 2223 2675 laudem
2253 2616 2565 2691 ampliorem

490 2731 668 2788 quam
693 2732 824 2770 eam
855 2730 1033 2787 quam
1065 2713 1353 2771 hodierno
1385 2713 1482 2771 die
1514 2718 1866 2771 consecutus
1897 2732 1978 2771 ες.
2053 2714 2230 2772 Soleo
2253 2732 2432 2789 saepe
2459 2720 2567 2769 ante

491 2811 691 2869 oculos
723 2816 944 2885 ponere
975 2810 1154 2886 idque
1192 2812 1444 2869 libenter
1472 2812 1693 2871 crebris
1729 2816 2009 2886 iisiirpire
2053 2813 2443 2882 sermonibuS,
2467 2825 2564 2865 om-

492 2916 581 2966 nis
625 2913 954 2966 nostrorum
997 2909 1439 2984 imperatorum,
1471 2917 1662 2968 omnis
1706 2916 2036 2967 exterarum
2078 2911 2351 2984 gentium
2392 2916 2567 2984 poten·

392 3025 445 3072 25
492 3006 963 3081 tissimorumque
1028 3008 1400 3082 populorum,
1466 3014 1659 3065 omnis
1722 3007 2173 3065 clarissimorum
2242 3013 2443 3084 regum
2496 3007 2565 3060 res

490 3109 684 3179 gestas
730 3122 865 3160 curn
913 3110 1024 3161 tuis
1072 3122 1183 3161 nec
1236 3105 1689 3162 contentionum
1738 3105 2144 3180 magnitudine
2189 3125 2307 3163 nec
2355 3103 2566 3163 numero

491 3202 846 3276 proeliorum
897 3220 1007 3259 nec
1049 3203 1333 3261 varietate
1386 3203 1692 3278 regionum
1735 3221 1848 3261 nec
1890 3205 2194 3262 celeritate
2239 3197 2562 3263 conficiendi

558 3374 602 3423 3.
656 3362 887 3423 signum
925 3362 1253 3411 sustulisti:
1294 3379 1323 3410 a
1359 3362 1627 3426 metaphor
1666 3364 1834 3412 drawn
1865 3363 1992 3411 from
2016 3363 2231 3426 military
2253 3363 2358 3412 life.
2445 3376 2487 3422 4·
2516 3358 2560 3406 fn

489 3439 734 3487 multis:
776 3441 832 3485 in
868 3439 945 3486 tlte
978 3455 1087 3486 case
1122 3440 1185 3504 os
1205 3456 1376 3502 many.
1465 3454 1510 3500 9.
1564 3443 1707 3489 ante
1742 3444 1947 3489 actae:
1991 3448 2122 3504 past.
2205 3439 2279 3488 18.
2323 3439 2557 3489 Nullius:

492 3515 614 3561 used
652 3530 705 3561 as
742 3530 857 3574 gen.
899 3514 957 3560 of
985 3531 1141 3561 nemo.
1234 3528 1308 3563 21.
1351 3529 1504 3576 pace
1527 3520 1662 3563 tua:
1704 3517 1825 3563 with
1853 3533 1992 3578 your
2014 3517 2351 3578 permission.
2423 3527 2488 3576 23.
2514 3508 2562 3558 id

489 3600 806 3647 usurpare:
845 3590 1144 3651 frequently
1167 3597 1213 3635 to
1244 3592 1380 3653 refer
1406 3599 1452 3637 to
1483 3592 1561 3638 the
1581 3593 1707 3654 fact.
1781 3604 1857 3652 27.
1894 3592 2237 3639 celeritate:
2283 3592 2349 3639 cf.
2375 3587 2559 3640 Caesar’s

494 3662 688 3708 famous
722 3676 976 3721 message:
1018 3665 1151 3715 veni,
1186 3665 1309 3715 vidi.
1335 3666 1452 3710 vici.
1537 3664 1785 3726 Similarly
1821 3666 1999 3712 Cicero
2033 3681 2144 3726 says
2178 3667 2238 3713 of
2266 3667 2469 3716 Caesar:
2498 3664 2560 3710 lwc
2633 3660 2634 3715 ζ

494 3737 637 3794 τέρας
678 3735 699 3795 (
711 3735 953 3796 prodaegy)
984 3736 1228 3783 horribili
1251 3739 1545 3802 vigilantia,
1571 3741 1832 3797 celeritate,
1858 3741 2123 3803 diligentia
2152 3749 2234 3788 est.
