2719 4161
662 216 751 275 IN
814 216 1286 275 CATILINAM
1347 216 1733 278 SECUNDA
2153 227 2241 300 93

309 413 534 461 Fourth:
576 413 833 470 bankrupt
864 413 1080 459 debtors.
1163 410 1333 459 Fifth:
1378 412 1634 460 criminals
1665 411 1717 459 of
1746 424 1902 473 every
1934 413 2069 459 kind.

776 487 955 534 Sixth:
997 487 1284 534 abandoned
1313 486 1626 546 profligatos.

214 602 288 658 X.
348 600 648 674 Quartum
693 616 878 674 genus
929 608 1018 655 est
1067 601 1208 655 sane
1258 598 1480 654 varium
1533 607 1593 655 et
1641 604 1888 655 mixtum
1938 608 1998 655 et
2051 597 2249 657 turbu·

123 700 397 757 lentum:
457 703 559 772 qui
603 697 719 754 iam
765 695 996 771 pridem
1038 705 1401 771 premuntur,
1433 701 1533 770 qui
1568 713 1890 770 numquam
1924 700 2249 771 emergunt,

125 803 239 871 qui
280 796 494 871 partim
540 794 764 865 inertia,
798 794 1013 867 partim
1051 793 1204 850 male
1239 792 1504 868 gerendo
1536 794 1794 867 negotio,
1826 794 2042 868 partim
2072 795 2248 851 etiam

129 895 470 969 sumptibus
504 893 565 950 in
593 901 794 950 vetere
826 908 960 949 aere
990 891 1183 948 alieno
1213 890 1488 948 vacillant
1511 911 1527 962 3
1571 897 1669 964 qui
1702 890 2069 973 vadimoniis,
2100 892 2248 949 iudi-

127 993 259 1063 ciiS,
290 991 723 1067 proscriptione
771 989 1062 1047 bonorum
1105 989 1427 1064 defatigati,
1468 992 1742 1066 permulti
1787 1001 1846 1049 et
1889 1009 1959 1049 ex
2002 991 2149 1049 urbe
2192 1001 2252 1048 et
2323 1010 2345 1057 5

131 1109 214 1149 ex
255 1096 407 1165 agris
448 1094 520 1147 se
554 1090 614 1146 in
658 1088 754 1145 illa
794 1097 988 1145 eastra
1029 1088 1296 1145 conferre
1342 1088 1636 1146 dicuntur.
1727 1091 1932 1147 Hosce
1976 1108 2089 1164 ego
2131 1094 2251 1147 non

165 3105 231 3139 AN
271 3105 489 3140 ORATOR
527 3104 583 3139 m
629 3088 741 3140 Tm:
782 3104 921 3139 ToGA

947 1197 1067 1245 tam
1139 1188 1354 1245 milites
1431 1193 1579 1245 acris
1664 1205 1843 1262 quam
1910 1188 2253 1246 infitiatores

945 1285 1139 1342 lentos
1208 1303 1334 1342 esse
1412 1286 1677 1343 arbitror.
1797 1286 1913 1359 Qui
1985 1285 2252 1343 homines

946 1401 1123 1457 quam
1178 1389 1452 1457 primum,
1501 1389 1547 1441 si
1604 1389 1757 1441 stare
1813 1388 1931 1440 non
1989 1393 2252 1458 possunt,

947 1492 1223 1539 corruant
1243 1501 1261 1552 3
1314 1481 1421 1538 sed
1471 1480 1554 1538 ita
1581 1492 1644 1538 ut
1673 1486 1792 1538 non
1823 1480 2004 1538 modo
2034 1482 2252 1552 civitaS,
2300 1512 2352 1541 10

947 1578 1053 1636 sed
1091 1582 1168 1636 ne
1208 1584 1383 1635 vicini
1422 1579 1663 1653 quidem
1701 1579 1950 1654 proximi
1980 1579 2251 1636 sentiant.

948 1676 1105 1733 Nam
1135 1676 1276 1734 illud
1313 1682 1434 1734 non
1467 1677 1764 1752 intellego,
1794 1695 1971 1751 quam
2000 1677 2080 1734 ob
2107 1695 2252 1747 rem,

947 1779 994 1831 si
1042 1779 1238 1832 vivere
1275 1776 1524 1832 honeste
1580 1780 1698 1832 non
1750 1785 2014 1850 possunt,
2066 1780 2254 1848 perire

948 1872 1196 1945 turpiter
1230 1873 1451 1943 velint;
1499 1883 1596 1929 aut
1634 1878 1737 1930 εἴη
1782 1874 2009 1930 minore
2048 1871 2253 1929 dolore

944 1965 1237 2044 perituros
1283 1974 1345 2027 se
1399 1988 1533 2027 cum
1588 1971 1783 2028 multis
1832 1989 2010 2045 quam
2053 1976 2099 2027 si
2149 1970 2254 2027 soli
2300 1989 2348 2037 15

948 2076 1192 2142 pereant
1222 2067 1594 2126 arbitrentur.

1031 2166 1315 2239 Quintum
1396 2184 1580 2241 genus
1649 2175 1738 2223 est
1818 2165 2253 2240 parricidarum,

948 2264 1309 2335 sicariorum,
1354 2263 1615 2338 denique
1657 2265 1920 2361 omnium
1968 2263 2253 2320 facinoro-

949 2366 1164 2419 sorum.
1289 2361 1457 2434 Quos
1527 2380 1638 2436 ego
1710 2367 1744 2418 a
1813 2361 2066 2419 Catilina
2133 2365 2255 2417 non

949 2464 1163 2517 revoco
1186 2480 1202 2531 3
1250 2478 1388 2516 nam
1431 2477 1624 2534 neque
1661 2459 1737 2517 ab
1776 2464 1848 2516 ef)
1883 2459 2077 2516 divelli
2120 2475 2252 2532 pos·
2297 2482 2353 2512 20

949 2567 1100 2629 sunt,
1161 2567 1221 2615 et
1282 2567 1527 2631 pereant
1602 2561 1741 2614 sane
1806 2558 1864 2614 in
1927 2556 2253 2626 latrocinio,

948 2656 1226 2729 quoniam
1271 2665 1406 2713 sunt
1460 2656 1541 2712 ita
1587 2655 1751 2712 multi
1797 2665 1859 2712 ut
1905 2659 2008 2712 eos
2054 2671 2257 2711 carcer

950 2771 1164 2828 capere
1195 2759 1314 2811 non
1349 2753 1551 2828 possit.

1032 2854 1402 2910 Postremum
1477 2861 1675 2908 autem
1748 2867 1929 2925 genus
1991 2860 2079 2907 est
2134 2853 2254 2905 non

949 2950 1136 3007 solum
1163 2953 1431 3020 numero,
1460 2954 1657 3006 verum
1687 2948 1859 3004 etiam
1884 2965 2102 3022 genere
2125 2946 2254 3021 ipso
2296 2978 2348 3024 25

949 3056 1130 3120 atque
1159 3052 1292 3114 vita,
1313 3046 1477 3120 quod
1505 3045 1809 3121 proprium
1834 3045 2121 3102 Catilinae
2148 3054 2253 3115 est,

1613 3148 1644 3153 .-
1711 3147 1805 3154 --ι

951 3143 1027 3201 de
1052 3144 1174 3201 eius
1198 3143 1438 3213 dilectu,
1465 3144 1648 3200 immo
1672 3161 1809 3199 vero
1842 3142 1915 3199 de
1940 3142 2255 3216 complexu

145 3242 260 3300 Eius
290 3261 360 3299 ac
393 3242 524 3300 sint]
550 3263 563 3312 ;
609 3247 758 3316 quos
790 3246 946 3315 pexo
975 3241 1211 3316 capillo,
1244 3241 1481 3312 nitidos,
1514 3250 1613 3297 aut
1653 3240 1931 3297 imberbis
1969 3250 2069 3296 aut
2100 3239 2254 3296 bene

147 3339 417 3398 barbatos
439 3340 672 3411 videtiS,
707 3340 1012 3397 manicatis
1036 3349 1095 3395 et
1119 3339 1395 3396 talaribus
1420 3339 1649 3409 tunicis,
1674 3338 1814 3394 velis
1837 3337 2103 3408 amictos,
2135 3341 2254 3395 non

149 3445 287 3512 togis
312 3460 326 3510 ;
372 3444 628 3513 quorum
659 3438 851 3495 omnis
882 3437 1170 3494 industria
1197 3443 1349 3494 vitae
1384 3446 1445 3493 et
1475 3435 1754 3511 vigilandi
1797 3435 1962 3492 labor
1991 3436 2050 3491 in
2090 3445 2250 3492 ante·
2297 3463 2353 3508 30

2044 3536 2203 3543 ———.

149 3533 359 3594 lucanis
405 3541 569 3593 cenis
614 3535 995 3609 expromitur.
1111 3536 1179 3591 In
1241 3535 1329 3591 his
1380 3534 1653 3608 gregibus
1698 3536 1905 3589 omnes
1948 3532 2253 3601 aleatores,

155 3640 346 3692 omnes
417 3633 689 3704 adulteri,
757 3638 965 3690 omnes
1024 3633 1236 3707 impuri
1292 3631 1696 3706 impudicique
1751 3638 2066 3686 versantur.
2170 3629 2254 3684 Hi

156 3739 305 3802 pueri
340 3742 462 3790 tam
504 3731 687 3805 lepidi
727 3749 796 3787 ac
838 3731 1076 3788 dElicati
1114 3735 1235 3787 non
1270 3731 1458 3787 solum
1495 3733 1692 3786 amare
1733 3737 1790 3784 et
1833 3732 2030 3796 amari,
2062 3743 2252 3799 neque
