2719 4161
388 1499 441 1530 10

382 2477 439 2507 20

381 2949 435 2996 ²5

382 3442 438 3488 30

493 194 625 264 166
1041 207 1467 264 ORATIONS
1527 208 1633 264 OF
1691 207 1999 264 CICERO

482 390 828 464 postulaturi
858 402 938 463 ut,
970 398 1016 448 si
1057 409 1214 448 mors
1243 393 1306 448 P.
1338 390 1516 449 Clodi
1557 392 1710 448 saliis
1738 400 1928 448 vestra
1972 391 2162 462 fuerit,
2193 391 2426 448 idcirco
2455 408 2564 447 eam

482 488 677 544 virtuti
712 489 949 546 Milonis
980 490 1174 563 potius
1203 506 1380 563 quam
1414 488 1620 562 populi
1659 489 1916 545 Romani
1950 488 2213 545 felicitati
2240 489 2565 563 adsignetis.

482 585 599 644 Sed
642 591 691 642 si
731 586 879 643 illius
920 585 1169 644 insidiae
1212 587 1484 643 clarit-”Es
1534 586 1647 643 ha‘c
1697 586 1828 644 luce
1874 585 2104 656 fuerint,
2150 595 2272 643 tum
2324 587 2570 659 dEnique

482 683 812 742 obsecrabo
853 684 1313 758 obtestaborque
1352 689 1475 754 vos,
1506 683 1752 756 ifidicES,
1783 690 1831 741 si
1868 688 2066 741 cetera
2109 684 2437 755 amisimus,
2476 684 2572 740 hoc

482 780 688 838 saltem
749 782 916 840 nobis
974 792 1036 839 ut
1102 782 1481 856 relinquatur,
1538 788 1718 839 vitam
1775 781 1853 840 ab
1913 781 2281 839 inimicorum
2339 781 2577 839 audacia

484 879 730 953 telisque
773 890 837 936 ut
880 880 1124 954 impune
1167 879 1341 937 liceat
1384 878 1728 938 dEfendere.

1040 1061 1292 1109 Homicide
1321 1062 1371 1108 is
1401 1061 1695 1109 sometimes
1724 1060 2023 1121 Justifiable.

564 1174 680 1231 III.
739 1172 857 1231 Sed
886 1182 1208 1247 antequam
1229 1173 1306 1230 ad
1330 1191 1464 1230 eam
1494 1173 1820 1230 orationem
1846 1173 2021 1230 venio
2050 1191 2203 1248 quae
2233 1183 2323 1231 est
2353 1173 2583 1248 propria

479 1282 707 1329 vestrae
730 1271 1109 1345 quaestionis,
1128 1270 1403 1328 videntur
1432 1288 1503 1327 ea
1523 1288 1653 1327 esse
1683 1269 1992 1327 refutanda
2020 1288 2170 1344 quae
2202 1280 2266 1327 et
2291 1270 2358 1327 in
2389 1274 2581 1328 sena'tfi

481 1369 559 1428 ab
600 1369 850 1426 inimicis
891 1387 1070 1443 saepe
1114 1369 1330 1426 iactata
1372 1378 1505 1426 sunt
1548 1377 1608 1425 et
1652 1367 1714 1424 in
1756 1368 2036 1425 contione
2072 1367 2147 1425 ab
2200 1368 2492 1441 improbis
2534 1375 2585 1423 et

482 1468 659 1541 paulo
688 1479 824 1524 ante
854 1466 930 1524 ab
959 1466 1418 1536 accusatoribus
1449 1475 1514 1523 ut
1541 1471 1706 1523 omni
1740 1470 1936 1523 errore
1972 1465 2205 1523 sublato
2249 1483 2373 1522 rem
2421 1465 2582 1539 plane

481 1583 632 1639 quae
661 1565 857 1622 veniat
886 1565 946 1620 in
976 1564 1262 1622 iudicium
1288 1563 1492 1621 videre
1522 1563 1774 1638 possitiS.
1862 1564 2098 1638 Negant
2142 1563 2357 1621 intuEri
2399 1564 2583 1620 liicem

482 1681 613 1721 esse
658 1662 740 1720 fas
784 1669 839 1720 ei
880 1668 982 1736 qui
1024 1667 1060 1719 Ξ
1101 1666 1164 1719 se
1207 1660 1512 1718 hominem
1556 1667 1818 1718 occisum
1856 1678 1983 1718 esse
2020 1660 2291 1718 fateatur.
2377 1662 2451 1718 In
2481 1664 2583 1734 qua

482 1761 723 1819 tandem
748 1761 891 1818 urbe
924 1760 1039 1816 hoc
1070 1759 1338 1816 homines
1369 1759 1696 1817 stultissimi
1724 1757 2071 1832 disputant?
2162 1760 2403 1833 Nempe
2435 1759 2499 1815 in
2526 1762 2586 1814 ea

481 1876 633 1934 quae
676 1864 930 1932 primum
981 1857 1265 1915 iudicium
1316 1855 1396 1914 de
1446 1857 1643 1931 capite
1684 1856 1832 1914 vidit
1883 1857 1970 1913 M.
2016 1857 2253 1928 Horati,
2300 1857 2583 1914 fortissimi

480 1957 604 2026 viri,
635 1962 737 2030 qui
765 1955 1030 2012 nondum
1062 1954 1245 2012 libera
1275 1955 1514 2011 civitate
1550 1964 1750 2011 tamen
1786 1954 1993 2028 populi
2037 1955 2300 2011 Romani
2343 1954 2583 2012 comitiis

480 2056 756 2113 liberatus
786 2063 893 2124 est,
923 2071 1061 2110 cum
1091 2058 1195 2110 sua'
1224 2057 1403 2110 manfr
1433 2057 1691 2110 sororem
1725 2070 1853 2110 esse
1890 2051 2265 2110 interfectam
2300 2051 2580 2111 fateretur.

561 2156 652 2210 An
696 2162 783 2209 est
825 2151 1133 2226 quisquam
1178 2158 1278 2225 qui
1325 2151 1442 2208 hoc
1492 2156 1742 2225 ignoret,
1788 2169 1925 2207 cum
1971 2151 2049 2208 de
2100 2151 2347 2208 homine
2393 2153 2584 2207 occiso

480 2256 808 2325 quaeratur,
839 2258 939 2306 aut
981 2254 1182 2323 negari
1223 2249 1413 2306 solere
1456 2254 1704 2305 omnino
1748 2252 1875 2306 esse
1922 2247 2144 2305 factum
2187 2259 2290 2306 aut
2333 2252 2495 2306 recte
2533 2256 2583 2302 et

481 2349 605 2406 iiire
648 2348 867 2405 factum
905 2364 1034 2405 esse
1070 2346 1356 2404 defendi?
1443 2346 1573 2402 Nisi
1603 2351 1742 2403 νὲτὸ
1773 2347 2117 2403 existimatis
2147 2346 2500 2404 dementem
2529 2346 2583 2401 P.

479 2432 819 2503 {fricanum
850 2444 1045 2514 fuisse,
1071 2450 1172 2518 qui
1201 2461 1336 2501 curn
1363 2449 1397 2500 5.
1420 2444 1491 2501 C.
1517 2443 1791 2501 Carbone
1824 2443 2063 2501 tribuno
2092 2443 2286 2517 plebis
2315 2443 2582 2501 seditiose

480 2544 541 2600 in
583 2544 859 2600 contione
904 2543 1357 2615 interrogaretur
1395 2539 1536 2615 quid
1582 2540 1660 2598 de
1693 2541 1788 2598 Ti.
1819 2541 2079 2599 Gracchi
2107 2552 2303 2598 morte
2332 2548 2582 2607 sentiret,

481 2639 848 2715 responderit
877 2641 999 2696 iure
1031 2657 1267 2696 caesum
1301 2638 1505 2696 videri.
1593 2639 1807 2712 Neque
1847 2638 2005 2696 enim
2041 2649 2245 2714 posset
2279 2650 2381 2696 aut
2409 2637 2585 2696 Ahffla

479 2740 573 2796 ille
617 2739 887 2796 Servilius
929 2747 1026 2794 aut
1075 2740 1135 2794 P.
1170 2738 1390 2794 Nasica
1432 2747 1531 2794 aut
1577 2737 1642 2794 L.
1676 2737 1949 2812 Opimius
1991 2746 2092 2794 aut
2136 2737 2207 2794 C.
2240 2738 2467 2795 Marius
2495 2745 2585 2792 aut

482 2842 575 2895 me
606 2836 845 2894 consule
876 2841 1112 2893 senatus
1144 2840 1263 2893 non
1295 2835 1550 2893 nefarius
1579 2835 1799 2906 habEri,
1824 2841 1873 2892 si
1902 2835 2219 2893 sceleratos
2243 2821 2385 2893 ciuis
2414 2836 2579 2893 inter-

480 2935 576 2991 fici
622 2933 784 2991 nefas
831 2943 1002 2991 esset.
1107 2934 1315 3008 Itaque
1365 2934 1497 3003 hoc,
1548 2933 1792 3004 iudices²
1842 2939 1963 2991 non
2008 2934 2134 2991 sine
2186 2926 2368 2991 causa
2416 2934 2583 2992 etiam
2672 3006 2673 3015 ἵ

479 3033 631 3089 fictis
674 3031 883 3090 fabulis
924 3030 1255 3089 doctissimi
1307 3031 1576 3089 hominEs
1622 3031 1943 3089 memoriae
1997 3031 2411 3106 prodiderunt,
2458 3047 2582 3088 eum

478 3136 580 3204 qui
607 3129 790 3203 patris
811 3129 1137 3188 ulciscendi
1166 3136 1342 3187 causa·
1373 3135 1619 3187 matrem
1652 3130 1997 3200 necavisset,
2022 3130 2255 3187 variatis
2284 3130 2581 3188 hominurn

479 3228 782 3286 sententiis
838 3233 956 3285 non
1015 3227 1205 3285 solum
1260 3227 1461 3285 divina
1518 3227 1623 3286 sed
1680 3229 1860 3285 etiam
1917 3228 2388 3303 sapientissimae
2444 3227 2581 3284 deae

480 3326 772 3385 sententia·
819 3326 1151 3384 liberatum.
1254 3324 1437 3399 Quod
1487 3332 1536 3383 si
1584 3324 1906 3382 duodecim
1954 3326 2189 3384 tabulae
2239 3337 2581 3384 nocturnum

480 3425 668 3483 ffirem
724 3428 964 3498 quoquo
1022 3422 1221 3493 modo,
1270 3421 1542 3480 diurnum
1595 3433 1793 3481 autem
1850 3430 1898 3480 si
1953 3427 2016 3480 se
2064 3423 2186 3481 telo
2241 3422 2579 3482 defenderet

478 3523 732 3581 interfici
786 3521 1030 3594 impiine
1084 3520 1412 3591 volu'e‘runt,
1458 3520 1588 3595 quis
1640 3529 1727 3578 est
1777 3527 1895 3595 qui,
1940 3525 2183 3595 quoquo
2234 3520 2418 3579 modo
2462 3518 2580 3595 quis

479 3621 821 3679 interfectus
850 3618 943 3690 sit,
975 3618 1342 3692 puniendum
1376 3628 1563 3691 putet,
1584 3631 1724 3675 ‘cum
1754 3616 1954 3675 videat
1985 3617 2304 3691 aliquando
2326 3618 2575 3694 gladium

478 3720 649 3778 nobis
677 3717 754 3775 ad
785 3715 1091 3775 hominem
1119 3713 1525 3774 occidendum
1555 3716 1628 3772 ab
1659 3715 1800 3789 ipsis
1831 3714 2050 3790 porrigi
2080 3715 2346 3790 legibus?
