2719 4161
727 196 814 254 IN
876 198 1344 255 CATILINAM
1408 198 1718 255 TERTIA
2136 209 2161 255 1
2176 207 2267 278 07

142 381 244 438 bus
291 385 506 438 verum
547 382 738 439 etiam
774 391 1047 456 suscepta
1077 400 1207 440 esse
1237 382 1517 440 sensistis,
1605 380 1759 439 Illud
1789 386 1929 439 vero
1958 386 2159 441 nonne
2190 382 2272 438 ita

141 484 417 552 praesens
451 489 551 537 est
583 490 652 536 ut
682 485 826 537 nuti-1
858 480 1013 537 Iovis
1043 480 1270 554 Optimi
1303 481 1550 537 Miximi
1579 480 1958 560 factum-esse
1981 480 2267 552 videfitur,

141 588 202 634 ut
240 596 378 635 cum
411 577 725 635 hodierno
754 577 852 634 die
884 583 1055 635 mine
1087 595 1193 652 per
1223 577 1415 634 forum
1445 583 1581 635 meo
1612 578 1769 635 iussi]
1803 587 1861 635 et
1891 578 2180 636 conifirz'iti
2210 589 2270 636 et

141 681 340 733 eorum
385 675 636 733 indiceS
679 675 741 732 in
782 674 994 733 aedem
1030 675 1408 734 Concordiae
1440 675 1816 748 ducerentur,
1849 680 1924 733 εδ
1954 675 2085 750 ipso
2117 686 2266 734 tem-

141 792 277 848 pore
322 781 573 850 signum
618 775 1012 832 statueretur?
1095 774 1233 847 Quo
1275 774 1591 832 conlocato
1635 784 1811 848 ¹atque
1852 773 1930 831 ad
1965 780 2071 832 vos
2099 780 2267 832 senfi-

142 882 381 946 tumque
434 876 760 944 converso,
800 872 998 930 omnia
1035 890 1188 946 quae
1240 881 1408 930 erant
1453 877 1661 930 contro]
1706 873 1954 930 salutem
2001 872 2268 931 omnium

140 971 395 1045 cogitita
425 971 753 1028 inliistrfita
781 979 840 1028 et
868 970 1166 1045 patefacta
1192 970 1435 1029 vidistis,

215 1068 354 1141 Quo
400 1068 598 1126 etiam
644 1068 867 1126 maiore
911 1077 1046 1126 sunt
1088 1068 1182 1126 isti
1210 1069 1351 1126 odio
1383 1068 1793 1144 supplicioque
1826 1067 1991 1143 digni
2019 1075 2120 1143 qui
2148 1074 2270 1126 non

139 1167 322 1224 solum
354 1173 576 1225 vestris
607 1166 924 1225 domiciliis
969 1176 1147 1241 atque
1183 1171 1354 1226 tectis
1406 1166 1513 1225 sed
1544 1168 1722 1224 etiam
1755 1167 2000 1225 deorum
2034 1168 2270 1243 templis

141 1273 312 1339 atque
359 1264 639 1323 deli-ibris
686 1275 820 1323 sunt
864 1265 1126 1323 funestos
1173 1284 1244 1323 ac
1291 1265 1545 1323 nefarios
1589 1271 1738 1340 ignis
1792 1266 2007 1323 inferre
2052 1270 2267 1322 coniti.

143 1363 368 1436 Quibus
419 1381 543 1437 ego
592 1367 642 1420 si
691 1367 784 1420 me
831 1363 1110 1421 restitisse
1157 1362 1373 1434 dicam,
1421 1363 1667 1420 nimium
1729 1363 1869 1420 mihi
1927 1367 2154 1421 sumam
2211 1372 2271 1420 et

143 1465 256 1517 non
296 1461 413 1519 sim
461 1459 771 1518 ferendus,
858 1461 982 1532 Ille,
1014 1461 1112 1518 ille
1160 1462 1429 1537 Iuppiter
1470 1461 1681 1540 restitit
1703 1482 1719 1533 3
1764 1461 1859 1518 ille
1889 1460 2268 1535 Capitolium,

844 3375 957 3411 THE
989 3375 1200 3411 TEMPLE
1234 3374 1303 3410 OF
1340 3372 1592 3409 CONCORD

1062 3476 1374 3529 (Restoration)

161 3644 255 3701 ille
285 3646 430 3703 haec
464 3643 710 3719 templa,
742 3642 838 3701 ille
867 3646 1142 3700 cfinctam
1173 3641 1400 3710 urbem,
1433 3640 1530 3697 ille
1560 3644 1663 3697 vos
1694 3643 1886 3695 omnis
1927 3635 2116 3695 salvos
2147 3652 2274 3693 esse

162 3744 359 3803 voluit.
447 3745 559 3801 Dis
598 3760 708 3817 ego
750 3740 1174 3798 immortalibus
1215 3738 1467 3798 ducibus
1497 3737 1649 3794 hanc
1681 3743 1963 3807 mentem,
1994 3732 2272 3807 QuiritES,

2316 1290 2367 1320 10
