2719 4161
896 198 1054 255 PRO
1114 198 1456 257 LIGARIO
2078 205 2212 276 243

219 430 389 491 Many
421 428 472 477 of
501 442 630 491 your
654 430 778 478 best
807 428 999 478 friends
1031 443 1117 477 are
1147 431 1300 491 suing
1330 429 1410 478 for
1436 432 1527 478 the
1557 432 1742 491 pardon
1772 429 1824 477 of
1852 430 2106 490 Ligarius.

182 552 293 609 XI.
337 551 479 609 Vidi
508 552 665 609 enim
689 562 748 610 et
771 556 1021 628 cognovi
1044 552 1188 627 quid
1213 552 1468 610 maxime
1492 557 1788 627 spectares
1810 570 1946 609 cum
1977 556 2085 625 pro
2114 553 2217 609 ali-

103 649 271 707 cuius
302 649 491 707 salute
522 650 687 707 multi
715 649 1086 708 laborarent:
1133 655 1339 707 causas
1369 650 1528 726 apud
1557 653 1616 707 te
1647 650 1979 725 rogantium
2004 650 2213 725 gratio-

105 748 289 805 siores
340 765 469 805 esse
520 765 698 822 quam
747 747 955 819 vultus,
1002 766 1196 823 neque
1244 752 1304 805 te
1350 752 1619 822 spectare
1662 765 1842 821 quam
1885 757 2017 806 tuus
2063 758 2217 805 esset

105 845 476 903 necessarius
513 845 561 902 is
595 851 694 920 qui
727 850 785 903 te
823 850 1032 917 oraret,
1063 844 1170 904 sed
1205 864 1386 921 quam
1421 845 1567 903 illius
1604 850 1712 920 pro
1747 850 1867 921 quo‘
1904 846 2212 904 laboraret.

113 944 320 1017 Itaque
363 943 570 1002 tribuis
613 949 675 1001 tu
717 944 962 1019 quidem
1004 950 1115 1002 tuis
1158 945 1241 1003 ita
1282 945 1467 1003 multa
1506 954 1571 1002 ut
1616 943 1758 1001 mihi
1799 944 2092 1002 beatiores
2135 945 2214 1001 illi
2286 953 2308 1002 5

107 1041 420 1099 videantur
463 1041 758 1099 interdum
797 1048 896 1117 qui
931 1048 1031 1101 tua
1061 1043 1409 1101 liberalitate
1453 1044 1718 1102 fruuntur
1753 1060 1933 1117 quam
1965 1048 2029 1100 tsi
2067 1043 2214 1118 ipse,

109 1145 209 1213 qui
236 1139 345 1198 illis
375 1148 495 1198 tam
523 1140 706 1198 multa
734 1140 1049 1199 concedas
1134 1140 1250 1200 Sed
1274 1141 1452 1199 video
1483 1149 1681 1199 tamen
1711 1140 1869 1215 apud
1901 1145 1960 1198 te
1989 1146 2215 1213 causa&

111 1246 176 1294 ut
204 1237 341 1310 dixi,
369 1240 564 1297 valere
594 1239 726 1314 plfis
757 1258 935 1314 quam
969 1244 1215 1314 precesj,
1259 1239 1336 1299 ab
1375 1240 1563 1314 iisque
1604 1243 1664 1297 te
1704 1242 1927 1297 movEri
1961 1239 2216 1297 maxime

113 1341 357 1410 quorum
387 1337 769 1395 iustissimum
798 1336 1001 1395 videas
1031 1337 1298 1396 dolorem
1328 1337 1392 1395 in
1421 1337 1703 1412 petendo.

191 1435 260 1491 In
297 1435 373 1509 Q.
410 1435 643 1510 Ligario
685 1434 1091 1493 conservando
1134 1436 1327 1494 multis
1372 1441 1435 1494 tsi
1478 1436 1722 1510 quidem
1764 1440 1993 1510 gratum
2039 1436 2216 1494 facies
2260 1455 2315 1486 10

113 1533 450 1591 necessariis
473 1540 606 1605 tuIS,
626 1534 731 1592 sed
756 1534 889 1606 hoe,
914 1539 1153 1609 quaeso,
1177 1533 1505 1605 considera,
1528 1533 1691 1609 quod
1712 1533 1883 1591 soles·
1970 1535 2216 1592 Possum

116 1630 453 1689 fortissimos
495 1632 668 1703 virBS,
707 1632 970 1704 Sabinos,
1016 1631 1122 1690 tibi
1164 1632 1628 1709 probatissimos,
1661 1636 1969 1706 totumque
1993 1623 2215 1708 ¹agrurn

116 1729 406 1801 Sabinum,
438 1729 644 1787 florem
676 1716 880 1788 italiae
911 1749 980 1788 ac
1010 1731 1186 1789 robur
1213 1736 1298 1788 rei
1327 1730 1621 1805 publicae,
1645 1735 1979 1804 proponere
2000 1750 2017 1802 ;
2060 1735 2215 1788 nosti

118 1827 364 1901 optimos
404 1826 694 1886 homines.
778 1827 1200 1886 Animadverte
1233 1828 1445 1885 horum
1473 1827 1739 1885 omnium
1773 1827 2122 1885 maestitiam
2155 1836 2215 1886 et

119 1924 395 1983 dolorem.
469 1926 662 1983 Hfiius
689 1927 759 1983 T.
786 1926 1055 1998 Brocchi,
1087 1925 1164 1983 de
1193 1931 1313 2000 quo
1342 1931 1466 1983 non
1493 1924 1702 1983 dubito
1730 1924 1874 2000 quid
1898 1925 2212 1997 existime‘s,
2259 1945 2307 1994 15

120 2021 375 2082 lacrimas
407 2024 857 2099 squaloremque
887 2023 1068 2100 ipsius
1098 2033 1157 2082 et
1186 2023 1215 2080 f
1221 2024 1279 2080 ili
1306 2023 1492 2082 vides

194 2121 349 2195 Quid
399 2122 476 2180 de
528 2121 796 2180 fratribus
840 2121 1081 2180 dicam?
1164 2122 1322 2193 Noli,
1372 2122 1608 2194 Caesar,
1659 2128 1866 2196 putare
1915 2120 1994 2180 de
2043 2126 2213 2180 unius

124 2220 302 2294 capite
329 2225 440 2277 nos
469 2239 661 2296 agere.
725 2223 840 2278 Aut
870 2224 987 2278 tres
1018 2220 1125 2279 tibi
1158 2220 1370 2295 Ligarii
1399 2220 1695 2278 retinendi
1724 2220 1784 2276 in
1814 2220 2050 2278 civitate
2080 2230 2214 2279 sunt

124 2327 212 2374 aut
249 2323 362 2376 tres
408 2336 481 2376 ex
524 2318 757 2375 civitate
804 2316 1252 2376 exterminandi.
1345 2319 1500 2375 Nam
1534 2317 1783 2392 quodvis
1820 2318 2084 2375 exsilium
2125 2318 2213 2376 his

128 2424 203 2472 est
240 2416 491 2491 optatius
533 2434 714 2491 quam
756 2416 964 2490 patria,
996 2434 1176 2490 quam
1207 2415 1440 2484 domus,
1469 2434 1647 2490 quam
1692 2416 1753 2474 di
1797 2420 2060 2491 penatES,
2091 2421 2212 2474 ῡηό
2252 2440 2311 2471 20

127 2510 212 2569 illo
249 2514 565 2572 exsulante.
649 2515 707 2572 Si
737 2510 1004 2585 fraterne,
1034 2519 1084 2571 si
1121 2514 1235 2589 ρίἓ,
1270 2520 1317 2571 si
1346 2532 1482 2571 cum
1513 2512 1718 2572 dolore
1749 2514 1987 2584 faciunt,
2021 2532 2212 2572 move-

129 2620 217 2668 ant
260 2616 315 2669 te
363 2612 576 2670 horum
626 2612 922 2684 lacrimae,
983 2620 1219 2670 moveat
1268 2612 1478 2687 pietas,
1530 2621 1764 2669 moveat
1819 2612 2172 2686 germanitas
2192 2632 2209 2684 ;

129 2707 295 2766 valeat
323 2720 420 2768 tua
447 2715 567 2768 vox
595 2710 694 2767 illa
722 2728 873 2785 quae
901 2709 1059 2767 vicit.
1142 2711 1231 2766 Τὲ
1263 2710 1423 2768 enim
1454 2708 1654 2767 dicere
1689 2708 2074 2768 audiebamus
2103 2715 2211 2767 nos

133 2813 295 2865 omnis
333 2807 695 2867 adversarios
735 2813 942 2884 putare
987 2807 1097 2865 nisi
1135 2815 1238 2883 qui
1288 2807 1601 2865 nobiscum
1654 2817 1865 2879 essent,
1912 2812 1972 2865 te
2020 2813 2210 2866 omnis

135 2910 217 2976 qui
257 2912 457 2964 contra·
507 2911 566 2964 te
609 2911 730 2963 non
774 2915 969 2964 essent
1017 2911 1166 2963 tuos.
1278 2905 1543 2962 Videsne
1586 2905 1760 2980 igitur
1808 2905 1965 2962 hunc
2015 2905 2207 2980 splen·
2251 2930 2304 2978 25

137 2999 315 3061 dorem
355 3003 640 3076 omnium,
672 3003 823 3061 hanc
867 3003 1270 3062 Brocchorum
1309 3003 1576 3074 domum,
1609 3002 1766 3060 hunc
1797 3003 1863 3060 L.
1895 3003 2208 3075 Marcium,

210 3206 274 3243 12.
317 3195 604 3245 Sabinos:
643 3195 783 3244 often
806 3195 1028 3244 referred
1051 3202 1105 3244 to
1131 3196 1197 3258 by
1221 3196 1420 3243 Roman
1448 3194 1652 3244 authors
1677 3210 1731 3242 as
1755 3210 1784 3241 a
1813 3200 1931 3257 type
1956 3193 2013 3241 of
2031 3193 2209 3257 simple

142 3270 223 3317 and
245 3271 453 3321 virtuous
478 3272 661 3330 habits,
686 3272 855 3334 sturdy
879 3271 1154 3329 hardiness,
1179 3273 1278 3320 and
1304 3272 1417 3320 love
1443 3272 1501 3320 of
1521 3271 1760 3319 freedom.
1832 3270 2059 3332 Ligarius
2083 3270 2209 3318 him-

143 3344 220 3392 self
234 3363 323 3396 was
345 3349 401 3397 of
419 3349 606 3398 Sabine
632 3348 854 3397 descent.
929 3349 1002 3396 16.
1043 3348 1530 3409 squaloremque:
1571 3348 1606 3395 it
1630 3362 1731 3394 was
1755 3362 1785 3394 a
1809 3354 2001 3395 custom
2025 3362 2211 3409 among

144 3418 211 3467 the
233 3424 439 3473 Romans
461 3432 515 3473 to
543 3424 684 3472 show
710 3424 840 3473 their
869 3425 1070 3473 distress
1104 3430 1154 3473 at
1177 3423 1263 3472 the
1301 3424 1454 3472 death
1483 3424 1542 3472 of
1571 3440 1601 3472 a
1630 3423 1835 3471 relative
1866 3439 1921 3470 or
1955 3423 2113 3471 friend
2143 3423 2208 3485 by

146 3498 304 3547 studied
324 3500 520 3562 neglect
538 3500 596 3548 of
610 3515 941 3564 appearance.
1012 3503 1058 3549 A
1080 3500 1414 3564 sympathetic
1431 3500 1637 3548 interest
1663 3500 1715 3546 in
1740 3499 1996 3547 another’s
2020 3499 2209 3560 danger

147 3585 223 3620 was
245 3575 371 3623 often
399 3577 654 3625 indicated
684 3577 737 3624 in
774 3575 860 3624 the
895 3592 1033 3624 same
1064 3593 1184 3638 way.
1269 3589 1348 3625 20.
1378 3589 1500 3625 uno
1535 3576 1643 3624 1110
1673 3576 2021 3625 exsulante:
2076 3577 2132 3639 if
2151 3576 2210 3622 he

149 3647 260 3697 alone
280 3652 376 3699 isto
399 3653 499 3700 live
524 3653 584 3700 in
609 3653 752 3701 exile.
823 3665 900 3714 23.
936 3663 1050 3700 nos
1072 3656 1314 3713 putare:
1356 3652 1455 3714 obj.
1482 3652 1539 3700 of
1558 3653 1734 3699 dicere.
1809 3665 1884 3711 24.
1918 3650 2037 3699 nisi
2072 3650 2203 3711 qui:

151 3734 278 3788 except
294 3728 413 3776 those
434 3728 876 3778 ‘loha—omnis:
915 3743 985 3778 se.
1009 3744 1120 3779 esse.
1191 3740 1271 3798 25.
1315 3732 1489 3780 tuos:
1525 3743 1667 3789 your
1675 3727 1900 3791 friends.
