<?xml version="1.0" encoding="UTF-8"?>
<!DOCTYPE html PUBLIC "-//W3C//DTD XHTML 1.0 Transitional//EN"
    "http://www.w3.org/TR/xhtml1/DTD/xhtml1-transitional.dtd">
<html xmlns="http://www.w3.org/1999/xhtml" xml:lang="en" lang="en">
 <head>
  <title>
</title>
<meta http-equiv="Content-Type" content="text/html;charset=utf-8" />
  <meta name='ocr-system' content='tesseract 3.04.00' />
  <meta name='ocr-capabilities' content='ocr_page ocr_carea ocr_par ocr_line ocrx_word'/>
</head>
<body>
  <div class='ocr_page' id='page_1' title='image "./tenorationswith00mincgoog_0123.png"; bbox 0 0 2719 4161; ppageno 0'>
   <div class='ocr_carea' id='block_1_1' title="bbox 679 260 2220 345">
    <p class='ocr_par' dir='ltr' id='par_1_1' title="bbox 679 260 2220 345">
     <span class='ocr_line' id='line_1_1' title="bbox 679 260 2220 345; baseline 0.001 -24"><span class='ocrx_word' id='word_1_1' title='bbox 679 263 772 321; x_wconf 93' lang='lat' dir='ltr'>IN</span> <span class='ocrx_word' id='word_1_2' title='bbox 833 262 1305 323; x_wconf 91' lang='lat' dir='ltr'>CATILINAM</span> <span class='ocrx_word' id='word_1_3' title='bbox 1367 260 1677 323; x_wconf 89' lang='lat' dir='ltr'>TERTIA</span> <span class='ocrx_word' id='word_1_4' title='bbox 2129 269 2220 345; x_wconf 89' lang='lat'>99</span> 
     </span>
    </p>
   </div>
   <div class='ocr_carea' id='block_1_2' title="bbox 114 447 2327 1807">
    <p class='ocr_par' dir='ltr' id='par_1_2' title="bbox 114 447 2228 720">
     <span class='ocr_line' id='line_1_2' title="bbox 114 447 2223 523; baseline -0.002 -16"><span class='ocrx_word' id='word_1_5' title='bbox 114 449 455 507; x_wconf 71' lang='lat' dir='ltr'>fortissimos</span> <span class='ocrx_word' id='word_1_6' title='bbox 480 457 668 523; x_wconf 91' lang='lat' dir='ltr'>atque</span> <span class='ocrx_word' id='word_1_7' title='bbox 694 448 1123 515; x_wconf 73' lang='lat' dir='ltr'>amantissimos</span> <span class='ocrx_word' id='word_1_8' title='bbox 1151 454 1236 506; x_wconf 92' lang='lat' dir='ltr'>rei</span> <span class='ocrx_word' id='word_1_9' title='bbox 1267 449 1539 523; x_wconf 85' lang='lat' dir='ltr'>piiblicae</span> <span class='ocrx_word' id='word_1_10' title='bbox 1562 449 1732 519; x_wconf 74' lang='lat' dir='ltr'>viros,</span> <span class='ocrx_word' id='word_1_11' title='bbox 1756 447 1833 506; x_wconf 87' lang='lat' dir='ltr'>ad</span> <span class='ocrx_word' id='word_1_12' title='bbox 1865 451 1959 504; x_wconf 68' lang='lat' dir='ltr'>me</span> <span class='ocrx_word' id='word_1_13' title='bbox 1983 451 2187 505; x_wconf 67' lang='lat' dir='ltr'>vocavi</span> <span class='ocrx_word' id='word_1_14' title='bbox 2209 466 2223 517; x_wconf 81' lang='lat'><em>3</em></span> 
     </span>
     <span class='ocr_line' id='line_1_3' title="bbox 115 544 2228 622; baseline -0.002 -17"><span class='ocrx_word' id='word_1_15' title='bbox 115 567 218 605; x_wconf 88' lang='lat' dir='ltr'>rem</span> <span class='ocrx_word' id='word_1_16' title='bbox 253 553 536 622; x_wconf 81' lang='lat' dir='ltr'>exposui,</span> <span class='ocrx_word' id='word_1_17' title='bbox 569 546 716 620; x_wconf 92' lang='lat' dir='ltr'>quid</span> <span class='ocrx_word' id='word_1_18' title='bbox 747 546 873 603; x_wconf 92' lang='lat' dir='ltr'>fieri</span> <span class='ocrx_word' id='word_1_19' title='bbox 901 547 1161 620; x_wconf 69' lang='lat' dir='ltr'>placeret</span> <span class='ocrx_word' id='word_1_20' title='bbox 1189 547 1440 605; x_wconf 89' lang='lat' dir='ltr'>ostendi.</span> <span class='ocrx_word' id='word_1_21' title='bbox 1530 547 1619 604; x_wconf 91' lang='lat' dir='ltr'>Illi</span> <span class='ocrx_word' id='word_1_22' title='bbox 1648 557 1864 617; x_wconf 89' lang='lat' dir='ltr'>autem,</span> <span class='ocrx_word' id='word_1_23' title='bbox 1896 551 1996 619; x_wconf 88' lang='lat' dir='ltr'>qui</span> <span class='ocrx_word' id='word_1_24' title='bbox 2025 544 2228 601; x_wconf 88' lang='lat' dir='ltr'>omnia</span> 
     </span>
     <span class='ocr_line' id='line_1_4' title="bbox 114 642 2225 720; baseline -0.002 -17"><span class='ocrx_word' id='word_1_25' title='bbox 114 645 177 703; x_wconf 65' lang='lat' dir='ltr'>de</span> <span class='ocrx_word' id='word_1_26' title='bbox 203 651 267 703; x_wconf 71' lang='lat' dir='ltr'>re</span> <span class='ocrx_word' id='word_1_27' title='bbox 296 645 556 720; x_wconf 67' lang='lat' dir='ltr'>publica</span> <span class='ocrx_word' id='word_1_28' title='bbox 579 644 878 718; x_wconf 67' lang='lat' dir='ltr'>praeclara</span> <span class='ocrx_word' id='word_1_29' title='bbox 907 654 1085 718; x_wconf 91' lang='lat' dir='ltr'>atque</span> <span class='ocrx_word' id='word_1_30' title='bbox 1109 645 1343 719; x_wconf 65' lang='lat' dir='ltr'>Egregia</span> <span class='ocrx_word' id='word_1_31' title='bbox 1374 651 1672 714; x_wconf 83' lang='lat' dir='ltr'>sentirent,</span> <span class='ocrx_word' id='word_1_32' title='bbox 1700 645 1824 701; x_wconf 91' lang='lat' dir='ltr'>sine</span> <span class='ocrx_word' id='word_1_33' title='bbox 1854 642 2225 700; x_wconf 69' lang='lat' dir='ltr'>recusatione</span> 
     </span>
    </p>

    <p class='ocr_par' dir='ltr' id='par_1_3' title="bbox 114 742 2327 1807">
     <span class='ocr_line' id='line_1_5' title="bbox 117 742 2224 816; baseline -0.001 -16"><span class='ocrx_word' id='word_1_34' title='bbox 117 763 174 800; x_wconf 87' lang='lat' dir='ltr'>ac</span> <span class='ocrx_word' id='word_1_35' title='bbox 200 744 330 801; x_wconf 90' lang='lat' dir='ltr'>sine</span> <span class='ocrx_word' id='word_1_36' title='bbox 364 742 493 800; x_wconf 76' lang='lat' dir='ltr'>filla·</span> <span class='ocrx_word' id='word_1_37' title='bbox 523 747 693 798; x_wconf 69' lang='lat' dir='ltr'>mora</span> <span class='ocrx_word' id='word_1_38' title='bbox 728 742 1027 816; x_wconf 76' lang='lat' dir='ltr'>negotium</span> <span class='ocrx_word' id='word_1_39' title='bbox 1073 747 1474 816; x_wconf 68' lang='lat' dir='ltr'>suscepErunt,</span> <span class='ocrx_word' id='word_1_40' title='bbox 1507 754 1566 800; x_wconf 94' lang='lat' dir='ltr'>et</span> <span class='ocrx_word' id='word_1_41' title='bbox 1597 760 1735 799; x_wconf 88' lang='lat' dir='ltr'>cum</span> <span class='ocrx_word' id='word_1_42' title='bbox 1774 742 2224 815; x_wconf 69' lang='lat' dir='ltr'>advesperasce-</span> 
     </span>
     <span class='ocr_line' id='line_1_6' title="bbox 114 838 2321 915; baseline -0.002 -16"><span class='ocrx_word' id='word_1_43' title='bbox 114 853 204 912; x_wconf 90' lang='lat' dir='ltr'>ret,</span> <span class='ocrx_word' id='word_1_44' title='bbox 238 841 490 899; x_wconf 72' lang='lat' dir='ltr'>occulte</span> <span class='ocrx_word' id='word_1_45' title='bbox 550 839 626 896; x_wconf 89' lang='lat' dir='ltr'>ad</span> <span class='ocrx_word' id='word_1_46' title='bbox 686 850 928 914; x_wconf 92' lang='lat' dir='ltr'>pontem</span> <span class='ocrx_word' id='word_1_47' title='bbox 995 840 1283 898; x_wconf 88' lang='lat' dir='ltr'>Mulvium</span> <span class='ocrx_word' id='word_1_48' title='bbox 1341 844 1753 915; x_wconf 63' lang='lat' dir='ltr'>pervenErunt,</span> <span class='ocrx_word' id='word_1_49' title='bbox 1804 850 1979 913; x_wconf 88' lang='lat' dir='ltr'>atque</span> <span class='ocrx_word' id='word_1_50' title='bbox 2031 838 2110 896; x_wconf 89' lang='lat' dir='ltr'>ibi</span> <span class='ocrx_word' id='word_1_51' title='bbox 2168 838 2226 895; x_wconf 92' lang='lat' dir='ltr'>in</span> <span class='ocrx_word' id='word_1_52' title='bbox 2300 862 2321 910; x_wconf 82' lang='lat'><strong>5</strong></span> 
     </span>
     <span class='ocr_line' id='line_1_7' title="bbox 117 937 2227 1013; baseline -0.002 -17"><span class='ocrx_word' id='word_1_53' title='bbox 117 940 394 1013; x_wconf 83' lang='lat' dir='ltr'>proximis</span> <span class='ocrx_word' id='word_1_54' title='bbox 426 938 576 994; x_wconf 90' lang='lat' dir='ltr'>villis</span> <span class='ocrx_word' id='word_1_55' title='bbox 607 937 687 994; x_wconf 88' lang='lat' dir='ltr'>ita</span> <span class='ocrx_word' id='word_1_56' title='bbox 723 937 1000 1011; x_wconf 75' lang='lat' dir='ltr'>bipartito</span> <span class='ocrx_word' id='word_1_57' title='bbox 1033 938 1262 995; x_wconf 70' lang='lat' dir='ltr'>fuerunt</span> <span class='ocrx_word' id='word_1_58' title='bbox 1291 948 1355 995; x_wconf 92' lang='lat' dir='ltr'>ut</span> <span class='ocrx_word' id='word_1_59' title='bbox 1397 938 1628 995; x_wconf 90' lang='lat' dir='ltr'>Tiberis</span> <span class='ocrx_word' id='word_1_60' title='bbox 1657 939 1810 995; x_wconf 90' lang='lat' dir='ltr'>inter</span> <span class='ocrx_word' id='word_1_61' title='bbox 1844 942 1944 994; x_wconf 74' lang='lat' dir='ltr'>eos</span> <span class='ocrx_word' id='word_1_62' title='bbox 1984 946 2044 994; x_wconf 93' lang='lat' dir='ltr'>et</span> <span class='ocrx_word' id='word_1_63' title='bbox 2078 940 2227 1010; x_wconf 75' lang='lat' dir='ltr'>pons</span> 
     </span>
     <span class='ocr_line' id='line_1_8' title="bbox 116 1034 2228 1110; baseline -0.001 -17"><span class='ocrx_word' id='word_1_64' title='bbox 116 1040 444 1095; x_wconf 85' lang='lat' dir='ltr'>interesset.</span> <span class='ocrx_word' id='word_1_65' title='bbox 563 1035 795 1092; x_wconf 76' lang='lat' dir='ltr'>Eodem</span> <span class='ocrx_word' id='word_1_66' title='bbox 841 1047 1036 1092; x_wconf 91' lang='lat' dir='ltr'>autem</span> <span class='ocrx_word' id='word_1_67' title='bbox 1082 1046 1140 1093; x_wconf 90' lang='lat' dir='ltr'>et</span> <span class='ocrx_word' id='word_1_68' title='bbox 1182 1036 1294 1110; x_wconf 92' lang='lat' dir='ltr'>ipsi</span> <span class='ocrx_word' id='word_1_69' title='bbox 1335 1036 1462 1094; x_wconf 90' lang='lat' dir='ltr'>sine</span> <span class='ocrx_word' id='word_1_70' title='bbox 1506 1036 1850 1109; x_wconf 75' lang='lat' dir='ltr'>cfiiusquam</span> <span class='ocrx_word' id='word_1_71' title='bbox 1895 1034 2228 1109; x_wconf 75' lang='lat' dir='ltr'>suspicione</span> 
     </span>
     <span class='ocr_line' id='line_1_9' title="bbox 120 1132 2231 1209; baseline -0.002 -18"><span class='ocrx_word' id='word_1_72' title='bbox 120 1136 326 1191; x_wconf 73' lang='lat' dir='ltr'>multos</span> <span class='ocrx_word' id='word_1_73' title='bbox 374 1134 547 1191; x_wconf 89' lang='lat' dir='ltr'>fortis</span> <span class='ocrx_word' id='word_1_74' title='bbox 591 1133 743 1190; x_wconf 75' lang='lat' dir='ltr'>viros</span> <span class='ocrx_word' id='word_1_75' title='bbox 791 1132 1115 1190; x_wconf 65' lang='lat' dir='ltr'>eduxerant</span> <span class='ocrx_word' id='word_1_76' title='bbox 1165 1145 1224 1191; x_wconf 93' lang='lat' dir='ltr'>et</span> <span class='ocrx_word' id='word_1_77' title='bbox 1277 1152 1389 1209; x_wconf 92' lang='lat' dir='ltr'>ego</span> <span class='ocrx_word' id='word_1_78' title='bbox 1447 1153 1519 1191; x_wconf 89' lang='lat' dir='ltr'>ex</span> <span class='ocrx_word' id='word_1_79' title='bbox 1562 1134 1929 1208; x_wconf 68' lang='lat' dir='ltr'>praefectura</span> <span class='ocrx_word' id='word_1_80' title='bbox 1979 1133 2231 1188; x_wconf 69' lang='lat' dir='ltr'>Reatina</span> 
     </span>
     <span class='ocr_line' id='line_1_10' title="bbox 117 1229 2228 1306; baseline -0.002 -16"><span class='ocrx_word' id='word_1_81' title='bbox 117 1233 438 1306; x_wconf 71' lang='lat' dir='ltr'>compluris</span> <span class='ocrx_word' id='word_1_82' title='bbox 479 1231 747 1288; x_wconf 69' lang='lat' dir='ltr'>delectos</span> <span class='ocrx_word' id='word_1_83' title='bbox 783 1231 1195 1303; x_wconf 47' lang='lat' dir='ltr'>adulescentis</span> <span class='ocrx_word' id='word_1_84' title='bbox 1226 1237 1476 1306; x_wconf 75' lang='lat' dir='ltr'>quorum</span> <span class='ocrx_word' id='word_1_85' title='bbox 1506 1237 1689 1306; x_wconf 73' lang='lat' dir='ltr'>opera</span> <span class='ocrx_word' id='word_1_86' title='bbox 1723 1235 1857 1288; x_wconf 76' lang='lat' dir='ltr'>fitor</span> <span class='ocrx_word' id='word_1_87' title='bbox 1895 1229 2139 1287; x_wconf 71' lang='lat' dir='ltr'>adsidue</span> <span class='ocrx_word' id='word_1_88' title='bbox 2169 1230 2228 1285; x_wconf 91' lang='lat' dir='ltr'>in</span> 
     </span>
     <span class='ocr_line' id='line_1_11' title="bbox 120 1328 2327 1407; baseline -0.004 -20"><span class='ocrx_word' id='word_1_89' title='bbox 120 1338 189 1388; x_wconf 81' lang='lat' dir='ltr'>rei</span> <span class='ocrx_word' id='word_1_90' title='bbox 232 1331 522 1405; x_wconf 71' lang='lat' dir='ltr'>publicae</span> <span class='ocrx_word' id='word_1_91' title='bbox 569 1330 882 1404; x_wconf 72' lang='lat' dir='ltr'>praesidio,</span> <span class='ocrx_word' id='word_1_92' title='bbox 927 1351 1063 1389; x_wconf 91' lang='lat' dir='ltr'>cum</span> <span class='ocrx_word' id='word_1_93' title='bbox 1107 1331 1313 1407; x_wconf 85' lang='lat' dir='ltr'>gladiis</span> <span class='ocrx_word' id='word_1_94' title='bbox 1357 1338 1646 1388; x_wconf 87' lang='lat' dir='ltr'>miseram.</span> <span class='ocrx_word' id='word_1_95' title='bbox 1762 1328 2007 1386; x_wconf 86' lang='lat' dir='ltr'>Interim</span> <span class='ocrx_word' id='word_1_96' title='bbox 2058 1328 2231 1385; x_wconf 75' lang='lat' dir='ltr'>tertia</span> <span class='ocrx_word' id='word_1_97' title='bbox 2277 1350 2327 1379; x_wconf 89' lang='lat'>10</span> 
     </span>
     <span class='ocr_line' id='line_1_12' title="bbox 120 1425 2230 1504; baseline -0.002 -19"><span class='ocrx_word' id='word_1_98' title='bbox 120 1429 227 1487; x_wconf 70' lang='lat' dir='ltr'>fere</span> <span class='ocrx_word' id='word_1_99' title='bbox 257 1428 468 1504; x_wconf 67' lang='lat' dir='ltr'>vigilia</span> <span class='ocrx_word' id='word_1_100' title='bbox 497 1434 725 1500; x_wconf 68' lang='lat' dir='ltr'>exacta,</span> <span class='ocrx_word' id='word_1_101' title='bbox 757 1449 893 1486; x_wconf 91' lang='lat' dir='ltr'>cum</span> <span class='ocrx_word' id='word_1_102' title='bbox 936 1430 1052 1488; x_wconf 91' lang='lat' dir='ltr'>iam</span> <span class='ocrx_word' id='word_1_103' title='bbox 1096 1440 1338 1504; x_wconf 89' lang='lat' dir='ltr'>pontem</span> <span class='ocrx_word' id='word_1_104' title='bbox 1386 1428 1673 1485; x_wconf 90' lang='lat' dir='ltr'>Mulvium</span> <span class='ocrx_word' id='word_1_105' title='bbox 1705 1432 1917 1501; x_wconf 68' lang='lat' dir='ltr'>magno</span> <span class='ocrx_word' id='word_1_106' title='bbox 1948 1425 2230 1482; x_wconf 69' lang='lat' dir='ltr'>comitatu</span> 
     </span>
     <span class='ocr_line' id='line_1_13' title="bbox 119 1523 2230 1603; baseline -0.001 -21"><span class='ocrx_word' id='word_1_107' title='bbox 119 1526 283 1602; x_wconf 68' lang='lat' dir='ltr'>legati</span> <span class='ocrx_word' id='word_1_108' title='bbox 314 1527 713 1601; x_wconf 83' lang='lat' dir='ltr'>Allobrogum</span> <span class='ocrx_word' id='word_1_109' title='bbox 757 1528 986 1603; x_wconf 87' lang='lat' dir='ltr'>ingredi</span> <span class='ocrx_word' id='word_1_110' title='bbox 1028 1529 1355 1601; x_wconf 89' lang='lat' dir='ltr'>inciperent</span> <span class='ocrx_word' id='word_1_111' title='bbox 1399 1531 1631 1599; x_wconf 69' lang='lat' dir='ltr'>imaque</span> <span class='ocrx_word' id='word_1_112' title='bbox 1668 1524 2019 1594; x_wconf 81' lang='lat' dir='ltr'>VolturciuS,</span> <span class='ocrx_word' id='word_1_113' title='bbox 2064 1524 2128 1580; x_wconf 91' lang='lat' dir='ltr'>fit</span> <span class='ocrx_word' id='word_1_114' title='bbox 2171 1523 2230 1579; x_wconf 92' lang='lat' dir='ltr'>in</span> 
     </span>
     <span class='ocr_line' id='line_1_14' title="bbox 121 1623 2231 1699; baseline -0.002 -17"><span class='ocrx_word' id='word_1_115' title='bbox 121 1631 212 1683; x_wconf 73' lang='lat' dir='ltr'>eos</span> <span class='ocrx_word' id='word_1_116' title='bbox 262 1626 535 1699; x_wconf 90' lang='lat' dir='ltr'>impetus</span> <span class='ocrx_word' id='word_1_117' title='bbox 562 1645 576 1694; x_wconf 83' lang='lat'><em>3</em></span> <span class='ocrx_word' id='word_1_118' title='bbox 634 1625 964 1683; x_wconf 69' lang='lat' dir='ltr'>educuntur</span> <span class='ocrx_word' id='word_1_119' title='bbox 1014 1637 1072 1683; x_wconf 92' lang='lat' dir='ltr'>et</span> <span class='ocrx_word' id='word_1_120' title='bbox 1120 1626 1197 1683; x_wconf 91' lang='lat' dir='ltr'>ab</span> <span class='ocrx_word' id='word_1_121' title='bbox 1243 1626 1348 1682; x_wconf 85' lang='lat' dir='ltr'>illis</span> <span class='ocrx_word' id='word_1_122' title='bbox 1394 1624 1572 1699; x_wconf 88' lang='lat' dir='ltr'>gladii</span> <span class='ocrx_word' id='word_1_123' title='bbox 1617 1633 1674 1681; x_wconf 91' lang='lat' dir='ltr'>et</span> <span class='ocrx_word' id='word_1_124' title='bbox 1718 1628 1753 1679; x_wconf 72' lang='grc' dir='ltr'>Ξ</span> <span class='ocrx_word' id='word_1_125' title='bbox 1794 1628 2024 1679; x_wconf 89' lang='lat' dir='ltr'>nostris.</span> <span class='ocrx_word' id='word_1_126' title='bbox 2109 1623 2231 1678; x_wconf 73' lang='lat' dir='ltr'>Res</span> 
     </span>
     <span class='ocr_line' id='line_1_15' title="bbox 119 1723 1724 1807; baseline -0.001 -28"><span class='ocrx_word' id='word_1_127' title='bbox 119 1723 492 1797; x_wconf 71' lang='lat' dir='ltr'>praetoribus</span> <span class='ocrx_word' id='word_1_128' title='bbox 522 1733 651 1780; x_wconf 89' lang='lat' dir='ltr'>erat</span> <span class='ocrx_word' id='word_1_129' title='bbox 679 1728 818 1781; x_wconf 76' lang='lat' dir='ltr'>nota</span> <span class='ocrx_word' id='word_1_130' title='bbox 847 1724 1000 1795; x_wconf 74' lang='lat' dir='ltr'>solis,</span> <span class='ocrx_word' id='word_1_131' title='bbox 1029 1725 1407 1807; x_wconf 70' lang='lat' dir='ltr'>ignorabatur</span> <span class='ocrx_word' id='word_1_132' title='bbox 1435 1727 1469 1779; x_wconf 72' lang='grc' dir='ltr'>Ξ</span> <span class='ocrx_word' id='word_1_133' title='bbox 1497 1726 1724 1779; x_wconf 59' lang='lat' dir='ltr'>ceteris</span> 
     </span>
    </p>
   </div>
   <div class='ocr_carea' id='block_1_3' title="bbox 123 1924 2339 3861">
    <p class='ocr_par' dir='ltr' id='par_1_4' title="bbox 211 1924 2126 1986">
     <span class='ocr_line' id='line_1_16' title="bbox 211 1924 2126 1986; baseline -0.008 0"><span class='ocrx_word' id='word_1_134' title='bbox 211 1940 426 1986; x_wconf 89' lang='lat' dir='ltr'>Seizure</span> <span class='ocrx_word' id='word_1_135' title='bbox 460 1933 514 1982; x_wconf 88' lang='lat' dir='ltr'>of</span> <span class='ocrx_word' id='word_1_136' title='bbox 542 1930 862 1980; x_wconf 83' lang='lat' dir='ltr'>treasonable</span> <span class='ocrx_word' id='word_1_137' title='bbox 890 1930 1088 1975; x_wconf 83' lang='lat' dir='ltr'>letters.</span> <span class='ocrx_word' id='word_1_138' title='bbox 1164 1927 1364 1974; x_wconf 82' lang='lat' dir='ltr'>certain</span> <span class='ocrx_word' id='word_1_139' title='bbox 1396 1927 1591 1972; x_wconf 83' lang='lat' dir='ltr'>leaders</span> <span class='ocrx_word' id='word_1_140' title='bbox 1625 1924 1676 1972; x_wconf 87' lang='lat' dir='ltr'>of</span> <span class='ocrx_word' id='word_1_141' title='bbox 1709 1927 1799 1972; x_wconf 89' lang='lat' dir='ltr'>the</span> <span class='ocrx_word' id='word_1_142' title='bbox 1834 1924 2126 1983; x_wconf 83' lang='lat' dir='ltr'>conspiracy</span> 
     </span>
    </p>

    <p class='ocr_par' dir='ltr' id='par_1_5' title="bbox 762 2002 1597 2052">
     <span class='ocr_line' id='line_1_17' title="bbox 762 2002 1597 2052; baseline -0.007 0"><span class='ocrx_word' id='word_1_143' title='bbox 762 2005 1051 2052; x_wconf 80' lang='lat' dir='ltr'>summoned</span> <span class='ocrx_word' id='word_1_144' title='bbox 1082 2002 1248 2050; x_wconf 83' lang='lat' dir='ltr'>before</span> <span class='ocrx_word' id='word_1_145' title='bbox 1279 2003 1369 2048; x_wconf 89' lang='lat' dir='ltr'>the</span> <span class='ocrx_word' id='word_1_146' title='bbox 1401 2004 1597 2047; x_wconf 88' lang='lat' dir='ltr'>senate.</span> 
     </span>
    </p>

    <p class='ocr_par' dir='ltr' id='par_1_6' title="bbox 123 2110 2336 2985">
     <span class='ocr_line' id='line_1_18' title="bbox 198 2110 2328 2190; baseline -0.008 -5"><span class='ocrx_word' id='word_1_147' title='bbox 198 2128 319 2184; x_wconf 89' lang='grc' dir='ltr'><strong>ΙΙΙ.</strong></span> <span class='ocrx_word' id='word_1_148' title='bbox 378 2124 538 2181; x_wconf 89' lang='lat' dir='ltr'>Tum</span> <span class='ocrx_word' id='word_1_149' title='bbox 596 2120 927 2177; x_wconf 71' lang='lat' dir='ltr'>interventu</span> <span class='ocrx_word' id='word_1_150' title='bbox 987 2118 1283 2190; x_wconf 85' lang='lat' dir='ltr'>Pomptini</span> <span class='ocrx_word' id='word_1_151' title='bbox 1340 2125 1516 2188; x_wconf 89' lang='lat' dir='ltr'>atque</span> <span class='ocrx_word' id='word_1_152' title='bbox 1575 2113 1772 2170; x_wconf 87' lang='lat' dir='ltr'>Flacci</span> <span class='ocrx_word' id='word_1_153' title='bbox 1828 2110 2027 2186; x_wconf 70' lang='lat' dir='ltr'>pugna</span> <span class='ocrx_word' id='word_1_154' title='bbox 2080 2128 2232 2185; x_wconf 89' lang='lat' dir='ltr'>quae</span> <span class='ocrx_word' id='word_1_155' title='bbox 2280 2138 2328 2185; x_wconf 86' lang='lat'>15</span> 
     </span>
     <span class='ocr_line' id='line_1_19' title="bbox 125 2211 2235 2289; baseline -0.009 -6"><span class='ocrx_word' id='word_1_156' title='bbox 125 2237 247 2283; x_wconf 87' lang='lat' dir='ltr'>erat</span> <span class='ocrx_word' id='word_1_157' title='bbox 305 2220 632 2281; x_wconf 87' lang='lat' dir='ltr'>commissa</span> <span class='ocrx_word' id='word_1_158' title='bbox 687 2216 940 2274; x_wconf 70' lang='lat' dir='ltr'>sedatur.</span> <span class='ocrx_word' id='word_1_159' title='bbox 1030 2214 1303 2282; x_wconf 88' lang='lat' dir='ltr'>Litterae,</span> <span class='ocrx_word' id='word_1_160' title='bbox 1355 2228 1767 2289; x_wconf 89' lang='lat' dir='ltr'>quaecumque</span> <span class='ocrx_word' id='word_1_161' title='bbox 1823 2220 1987 2266; x_wconf 92' lang='lat' dir='ltr'>erant</span> <span class='ocrx_word' id='word_1_162' title='bbox 2045 2211 2104 2265; x_wconf 90' lang='lat' dir='ltr'>in</span> <span class='ocrx_word' id='word_1_163' title='bbox 2161 2213 2235 2265; x_wconf 67' lang='lat' dir='ltr'>ef)</span> 
     </span>
     <span class='ocr_line' id='line_1_20' title="bbox 123 2308 2233 2390; baseline -0.009 -9"><span class='ocrx_word' id='word_1_164' title='bbox 123 2323 436 2390; x_wconf 64' lang='lat' dir='ltr'>comitati—1,</span> <span class='ocrx_word' id='word_1_165' title='bbox 488 2319 729 2390; x_wconf 89' lang='lat' dir='ltr'>integris</span> <span class='ocrx_word' id='word_1_166' title='bbox 772 2319 948 2387; x_wconf 89' lang='lat' dir='ltr'>signis</span> <span class='ocrx_word' id='word_1_167' title='bbox 994 2312 1357 2386; x_wconf 74' lang='lat' dir='ltr'>praetoribus</span> <span class='ocrx_word' id='word_1_168' title='bbox 1402 2309 1744 2380; x_wconf 71' lang='lat' dir='ltr'>traduntur3</span> <span class='ocrx_word' id='word_1_169' title='bbox 1803 2308 1914 2382; x_wconf 90' lang='lat' dir='ltr'>ipsi</span> <span class='ocrx_word' id='word_1_170' title='bbox 1963 2325 2233 2380; x_wconf 90' lang='lat' dir='ltr'>compre-</span> 
     </span>
     <span class='ocr_line' id='line_1_21' title="bbox 125 2406 2237 2486; baseline -0.009 -7"><span class='ocrx_word' id='word_1_171' title='bbox 125 2422 289 2478; x_wconf 77' lang='lat' dir='ltr'>h’e&#39;nsi</span> <span class='ocrx_word' id='word_1_172' title='bbox 321 2419 399 2476; x_wconf 90' lang='lat' dir='ltr'>ad</span> <span class='ocrx_word' id='word_1_173' title='bbox 430 2421 548 2486; x_wconf 69' lang='lat' dir='ltr'>me,</span> <span class='ocrx_word' id='word_1_174' title='bbox 579 2432 718 2471; x_wconf 90' lang='lat' dir='ltr'>cum</span> <span class='ocrx_word' id='word_1_175' title='bbox 747 2412 860 2467; x_wconf 87' lang='lat' dir='ltr'>iam</span> <span class='ocrx_word' id='word_1_176' title='bbox 893 2410 1299 2479; x_wconf 68' lang='lat' dir='ltr'>dilucesceret,</span> <span class='ocrx_word' id='word_1_177' title='bbox 1323 2407 1717 2464; x_wconf 71' lang='lat' dir='ltr'>dediicuntur.</span> <span class='ocrx_word' id='word_1_178' title='bbox 1803 2407 1996 2479; x_wconf 91' lang='lat' dir='ltr'>Atque</span> <span class='ocrx_word' id='word_1_179' title='bbox 2026 2406 2237 2461; x_wconf 74' lang='lat' dir='ltr'>horum</span> 
     </span>
     <span class='ocr_line' id='line_1_22' title="bbox 124 2503 2234 2583; baseline -0.008 -7"><span class='ocrx_word' id='word_1_180' title='bbox 124 2520 395 2575; x_wconf 89' lang='lat' dir='ltr'>omniurn</span> <span class='ocrx_word' id='word_1_181' title='bbox 467 2514 758 2572; x_wconf 87' lang='lat' dir='ltr'>scelerum</span> <span class='ocrx_word' id='word_1_182' title='bbox 826 2507 1324 2583; x_wconf 88' lang='lat' dir='ltr'>improbissimum</span> <span class='ocrx_word' id='word_1_183' title='bbox 1394 2504 1855 2562; x_wconf 68' lang='lat' dir='ltr'>machinatorem</span> <span class='ocrx_word' id='word_1_184' title='bbox 1928 2503 2234 2561; x_wconf 87' lang='lat' dir='ltr'>Cimbrum</span> 
     </span>
     <span class='ocr_line' id='line_1_23' title="bbox 128 2599 2336 2677; baseline -0.01 -1"><span class='ocrx_word' id='word_1_185' title='bbox 128 2617 452 2675; x_wconf 88' lang='lat' dir='ltr'>Gabinium</span> <span class='ocrx_word' id='word_1_186' title='bbox 482 2612 681 2672; x_wconf 84' lang='lat' dir='ltr'>statim</span> <span class='ocrx_word' id='word_1_187' title='bbox 727 2608 801 2667; x_wconf 89' lang='lat' dir='ltr'>ad</span> <span class='ocrx_word' id='word_1_188' title='bbox 846 2612 942 2664; x_wconf 70' lang='lat' dir='ltr'>me</span> <span class='ocrx_word' id='word_1_189' title='bbox 984 2604 1271 2662; x_wconf 89' lang='lat' dir='ltr'>nihildum</span> <span class='ocrx_word' id='word_1_190' title='bbox 1309 2603 1706 2677; x_wconf 88' lang='lat' dir='ltr'>suspicantem</span> <span class='ocrx_word' id='word_1_191' title='bbox 1734 2607 1939 2659; x_wconf 69' lang='lat' dir='ltr'>vocavi</span> <span class='ocrx_word' id='word_1_192' title='bbox 1960 2621 1975 2672; x_wconf 81' lang='lat'>3</span> <span class='ocrx_word' id='word_1_193' title='bbox 2021 2599 2237 2658; x_wconf 91' lang='lat' dir='ltr'>deinde</span> <span class='ocrx_word' id='word_1_194' title='bbox 2279 2624 2336 2655; x_wconf 86' lang='lat'>20</span> 
     </span>
     <span class='ocr_line' id='line_1_24' title="bbox 126 2700 2234 2775; baseline -0.009 -3"><span class='ocrx_word' id='word_1_195' title='bbox 126 2716 274 2774; x_wconf 90' lang='lat' dir='ltr'>item</span> <span class='ocrx_word' id='word_1_196' title='bbox 303 2718 617 2772; x_wconf 89' lang='lat' dir='ltr'>arcessitus</span> <span class='ocrx_word' id='word_1_197' title='bbox 663 2718 751 2767; x_wconf 91' lang='lat' dir='ltr'>est</span> <span class='ocrx_word' id='word_1_198' title='bbox 797 2707 860 2763; x_wconf 89' lang='lat' dir='ltr'>L.</span> <span class='ocrx_word' id='word_1_199' title='bbox 893 2704 1150 2764; x_wconf 84' lang='lat' dir='ltr'>Statilius</span> <span class='ocrx_word' id='word_1_200' title='bbox 1193 2712 1254 2759; x_wconf 94' lang='lat' dir='ltr'>et</span> <span class='ocrx_word' id='word_1_201' title='bbox 1297 2711 1430 2775; x_wconf 91' lang='lat' dir='ltr'>post</span> <span class='ocrx_word' id='word_1_202' title='bbox 1467 2719 1600 2757; x_wconf 88' lang='lat' dir='ltr'>eum</span> <span class='ocrx_word' id='word_1_203' title='bbox 1639 2701 1707 2758; x_wconf 90' lang='lat' dir='ltr'>C.</span> <span class='ocrx_word' id='word_1_204' title='bbox 1740 2700 2078 2773; x_wconf 69' lang='lat' dir='ltr'>Cethegus3</span> <span class='ocrx_word' id='word_1_205' title='bbox 2125 2706 2234 2756; x_wconf 89' lang='lat' dir='ltr'>tar-</span> 
     </span>
     <span class='ocr_line' id='line_1_25' title="bbox 128 2795 2237 2872; baseline -0.009 -2"><span class='ocrx_word' id='word_1_206' title='bbox 128 2812 369 2870; x_wconf 71' lang='lat' dir='ltr'>dissime</span> <span class='ocrx_word' id='word_1_207' title='bbox 420 2820 620 2868; x_wconf 89' lang='lat' dir='ltr'>autem</span> <span class='ocrx_word' id='word_1_208' title='bbox 677 2804 957 2863; x_wconf 90' lang='lat' dir='ltr'>Lentulus</span> <span class='ocrx_word' id='word_1_209' title='bbox 1009 2801 1185 2870; x_wconf 66' lang='lat' dir='ltr'>venit,</span> <span class='ocrx_word' id='word_1_210' title='bbox 1230 2800 1413 2857; x_wconf 68' lang='lat' dir='ltr'>credo</span> <span class='ocrx_word' id='word_1_211' title='bbox 1458 2798 1618 2872; x_wconf 91' lang='lat' dir='ltr'>quod</span> <span class='ocrx_word' id='word_1_212' title='bbox 1670 2798 1728 2854; x_wconf 89' lang='lat' dir='ltr'>in</span> <span class='ocrx_word' id='word_1_213' title='bbox 1781 2798 1986 2854; x_wconf 89' lang='lat' dir='ltr'>litteris</span> <span class='ocrx_word' id='word_1_214' title='bbox 2030 2795 2237 2855; x_wconf 85' lang='lat' dir='ltr'>dandis</span> 
     </span>
     <span class='ocr_line' id='line_1_26' title="bbox 125 2897 1697 2985; baseline -0.01 -17"><span class='ocrx_word' id='word_1_215' title='bbox 125 2919 362 2985; x_wconf 88' lang='lat' dir='ltr'>praeter</span> <span class='ocrx_word' id='word_1_216' title='bbox 392 2903 883 2966; x_wconf 69' lang='lat' dir='ltr'>consuetudinem</span> <span class='ocrx_word' id='word_1_217' title='bbox 917 2900 1183 2975; x_wconf 66' lang='lat' dir='ltr'>proxima</span> <span class='ocrx_word' id='word_1_218' title='bbox 1210 2907 1388 2955; x_wconf 92' lang='lat' dir='ltr'>nocte</span> <span class='ocrx_word' id='word_1_219' title='bbox 1417 2897 1697 2970; x_wconf 69' lang='lat' dir='ltr'>vigilarat.</span> 
     </span>
    </p>

    <p class='ocr_par' dir='ltr' id='par_1_7' title="bbox 125 2992 2339 3861">
     <span class='ocr_line' id='line_1_27' title="bbox 210 2992 2238 3066; baseline -0.009 -1"><span class='ocrx_word' id='word_1_220' title='bbox 210 3008 363 3066; x_wconf 91' lang='lat' dir='ltr'>Cum</span> <span class='ocrx_word' id='word_1_221' title='bbox 395 3009 639 3063; x_wconf 91' lang='lat' dir='ltr'>summis</span> <span class='ocrx_word' id='word_1_222' title='bbox 670 3010 731 3058; x_wconf 92' lang='lat' dir='ltr'>et</span> <span class='ocrx_word' id='word_1_223' title='bbox 769 2998 1098 3055; x_wconf 71' lang='lat' dir='ltr'>clarissimis</span> <span class='ocrx_word' id='word_1_224' title='bbox 1144 2996 1311 3052; x_wconf 68' lang='lat' dir='ltr'>huius</span> <span class='ocrx_word' id='word_1_225' title='bbox 1355 2994 1603 3051; x_wconf 68' lang='lat' dir='ltr'>civitatis</span> <span class='ocrx_word' id='word_1_226' title='bbox 1631 2994 1783 3064; x_wconf 82' lang='lat' dir='ltr'>viriS,</span> <span class='ocrx_word' id='word_1_227' title='bbox 1814 2998 1916 3066; x_wconf 91' lang='lat' dir='ltr'>qui</span> <span class='ocrx_word' id='word_1_228' title='bbox 1950 2992 2148 3049; x_wconf 69' lang='lat' dir='ltr'>audita</span> <span class='ocrx_word' id='word_1_229' title='bbox 2177 2996 2238 3049; x_wconf 69' lang='lat' dir='ltr'>re</span> 
     </span>
     <span class='ocr_line' id='line_1_28' title="bbox 126 3091 2333 3180; baseline -0.009 -16"><span class='ocrx_word' id='word_1_230' title='bbox 126 3107 465 3180; x_wconf 65' lang='lat' dir='ltr'>frequenteS</span> <span class='ocrx_word' id='word_1_231' title='bbox 496 3101 570 3158; x_wconf 89' lang='lat' dir='ltr'>ad</span> <span class='ocrx_word' id='word_1_232' title='bbox 607 3104 704 3156; x_wconf 73' lang='lat' dir='ltr'>me</span> <span class='ocrx_word' id='word_1_233' title='bbox 739 3103 911 3154; x_wconf 70' lang='lat' dir='ltr'>mane</span> <span class='ocrx_word' id='word_1_234' title='bbox 955 3099 1372 3162; x_wconf 69' lang='lat' dir='ltr'>convenerant,</span> <span class='ocrx_word' id='word_1_235' title='bbox 1405 3092 1624 3149; x_wconf 66' lang='lat' dir='ltr'>litteras</span> <span class='ocrx_word' id='word_1_236' title='bbox 1655 3097 1689 3148; x_wconf 72' lang='lat' dir='ltr'>a</span> <span class='ocrx_word' id='word_1_237' title='bbox 1717 3096 1811 3147; x_wconf 71' lang='lat' dir='ltr'>me</span> <span class='ocrx_word' id='word_1_238' title='bbox 1842 3091 1999 3163; x_wconf 87' lang='lat' dir='ltr'>prius</span> <span class='ocrx_word' id='word_1_239' title='bbox 2028 3096 2240 3163; x_wconf 91' lang='lat' dir='ltr'>aperiri</span> <span class='ocrx_word' id='word_1_240' title='bbox 2281 3113 2333 3160; x_wconf 85' lang='lat'>25</span> 
     </span>
     <span class='ocr_line' id='line_1_29' title="bbox 127 3188 2238 3277; baseline -0.009 -16"><span class='ocrx_word' id='word_1_241' title='bbox 127 3222 313 3277; x_wconf 86' lang='lat' dir='ltr'>quam</span> <span class='ocrx_word' id='word_1_242' title='bbox 354 3201 427 3258; x_wconf 88' lang='lat' dir='ltr'>ad</span> <span class='ocrx_word' id='word_1_243' title='bbox 472 3204 743 3257; x_wconf 69' lang='lat' dir='ltr'>senatum</span> <span class='ocrx_word' id='word_1_244' title='bbox 790 3194 1001 3251; x_wconf 66' lang='lat' dir='ltr'>deferri</span> <span class='ocrx_word' id='word_1_245' title='bbox 1031 3193 1309 3267; x_wconf 65' lang='lat' dir='ltr'>placeret,</span> <span class='ocrx_word' id='word_1_246' title='bbox 1339 3195 1435 3259; x_wconf 55' lang='lat' dir='ltr'>ns,</span> <span class='ocrx_word' id='word_1_247' title='bbox 1473 3196 1517 3247; x_wconf 88' lang='lat' dir='ltr'>si</span> <span class='ocrx_word' id='word_1_248' title='bbox 1557 3189 1695 3246; x_wconf 87' lang='lat' dir='ltr'>nihil</span> <span class='ocrx_word' id='word_1_249' title='bbox 1727 3198 1880 3246; x_wconf 88' lang='lat' dir='ltr'>esset</span> <span class='ocrx_word' id='word_1_250' title='bbox 1914 3188 2238 3257; x_wconf 89' lang='lat' dir='ltr'>inventum,</span> 
     </span>
     <span class='ocr_line' id='line_1_30' title="bbox 125 3285 2241 3359; baseline -0.009 -1"><span class='ocrx_word' id='word_1_251' title='bbox 125 3304 357 3357; x_wconf 71' lang='lat' dir='ltr'>temere</span> <span class='ocrx_word' id='word_1_252' title='bbox 386 3305 420 3356; x_wconf 75' lang='lat' dir='ltr'>a</span> <span class='ocrx_word' id='word_1_253' title='bbox 448 3302 543 3354; x_wconf 68' lang='lat' dir='ltr'>me</span> <span class='ocrx_word' id='word_1_254' title='bbox 579 3304 777 3353; x_wconf 89' lang='lat' dir='ltr'>tantus</span> <span class='ocrx_word' id='word_1_255' title='bbox 821 3291 1100 3349; x_wconf 91' lang='lat' dir='ltr'>tumultus</span> <span class='ocrx_word' id='word_1_256' title='bbox 1145 3289 1397 3345; x_wconf 89' lang='lat' dir='ltr'>iniectus</span> <span class='ocrx_word' id='word_1_257' title='bbox 1440 3288 1659 3344; x_wconf 74' lang='lat' dir='ltr'>civitati</span> <span class='ocrx_word' id='word_1_258' title='bbox 1689 3285 1999 3355; x_wconf 69' lang='lat' dir='ltr'>videtetur,</span> <span class='ocrx_word' id='word_1_259' title='bbox 2033 3290 2241 3359; x_wconf 74' lang='lat' dir='ltr'>negavi</span> 
     </span>
     <span class='ocr_line' id='line_1_31' title="bbox 131 3382 2237 3462; baseline -0.009 -6"><span class='ocrx_word' id='word_1_260' title='bbox 131 3403 233 3455; x_wconf 61' lang='lat' dir='ltr'>me</span> <span class='ocrx_word' id='word_1_261' title='bbox 285 3416 405 3454; x_wconf 87' lang='lat' dir='ltr'>esse</span> <span class='ocrx_word' id='word_1_262' title='bbox 451 3396 746 3453; x_wconf 72' lang='lat' dir='ltr'>facturum</span> <span class='ocrx_word' id='word_1_263' title='bbox 795 3401 858 3446; x_wconf 91' lang='lat' dir='ltr'>ut</span> <span class='ocrx_word' id='word_1_264' title='bbox 909 3388 985 3446; x_wconf 71' lang='lat' dir='ltr'>de</span> <span class='ocrx_word' id='word_1_265' title='bbox 1032 3387 1293 3462; x_wconf 75' lang='lat' dir='ltr'>periculo</span> <span class='ocrx_word' id='word_1_266' title='bbox 1344 3386 1585 3459; x_wconf 74' lang='lat' dir='ltr'>pfiblico</span> <span class='ocrx_word' id='word_1_267' title='bbox 1635 3388 1752 3440; x_wconf 74' lang='lat' dir='ltr'>non</span> <span class='ocrx_word' id='word_1_268' title='bbox 1804 3383 1879 3440; x_wconf 92' lang='lat' dir='ltr'>ad</span> <span class='ocrx_word' id='word_1_269' title='bbox 1932 3382 2237 3439; x_wconf 74' lang='lat' dir='ltr'>consilium</span> 
     </span>
     <span class='ocr_line' id='line_1_32' title="bbox 128 3472 2242 3571; baseline -0.009 -17"><span class='ocrx_word' id='word_1_270' title='bbox 128 3472 437 3571; x_wconf 72' lang='lat' dir='ltr'>pfiblicum</span> <span class='ocrx_word' id='word_1_271' title='bbox 481 3512 608 3550; x_wconf 90' lang='lat' dir='ltr'>rem</span> <span class='ocrx_word' id='word_1_272' title='bbox 666 3490 954 3562; x_wconf 89' lang='lat' dir='ltr'>integram</span> <span class='ocrx_word' id='word_1_273' title='bbox 1007 3485 1318 3543; x_wconf 71' lang='lat' dir='ltr'>deferrem.</span> <span class='ocrx_word' id='word_1_274' title='bbox 1431 3483 1687 3551; x_wconf 89' lang='lat' dir='ltr'>Etenim,</span> <span class='ocrx_word' id='word_1_275' title='bbox 1748 3481 2025 3553; x_wconf 70' lang='lat' dir='ltr'>Quirites,</span> <span class='ocrx_word' id='word_1_276' title='bbox 2078 3486 2126 3536; x_wconf 88' lang='lat' dir='ltr'>si</span> <span class='ocrx_word' id='word_1_277' title='bbox 2171 3497 2242 3535; x_wconf 91' lang='lat' dir='ltr'>ea</span> 
     </span>
     <span class='ocr_line' id='line_1_33' title="bbox 130 3582 2339 3667; baseline -0.01 -17"><span class='ocrx_word' id='word_1_278' title='bbox 130 3611 291 3667; x_wconf 89' lang='lat' dir='ltr'>quae</span> <span class='ocrx_word' id='word_1_279' title='bbox 325 3602 484 3649; x_wconf 89' lang='lat' dir='ltr'>erant</span> <span class='ocrx_word' id='word_1_280' title='bbox 530 3589 609 3647; x_wconf 92' lang='lat' dir='ltr'>ad</span> <span class='ocrx_word' id='word_1_281' title='bbox 659 3591 753 3643; x_wconf 74' lang='lat' dir='ltr'>me</span> <span class='ocrx_word' id='word_1_282' title='bbox 802 3585 997 3642; x_wconf 71' lang='lat' dir='ltr'>delata</span> <span class='ocrx_word' id='word_1_283' title='bbox 1042 3592 1276 3656; x_wconf 88' lang='lat' dir='ltr'>reperta</span> <span class='ocrx_word' id='word_1_284' title='bbox 1317 3587 1437 3637; x_wconf 73' lang='lat' dir='ltr'>non</span> <span class='ocrx_word' id='word_1_285' title='bbox 1484 3590 1693 3650; x_wconf 85' lang='lat' dir='ltr'>essent,</span> <span class='ocrx_word' id='word_1_286' title='bbox 1726 3589 1922 3635; x_wconf 87' lang='lat' dir='ltr'>tamen</span> <span class='ocrx_word' id='word_1_287' title='bbox 1968 3596 2078 3651; x_wconf 92' lang='lat' dir='ltr'>ego</span> <span class='ocrx_word' id='word_1_288' title='bbox 2122 3582 2238 3632; x_wconf 73' lang='lat' dir='ltr'>non</span> <span class='ocrx_word' id='word_1_289' title='bbox 2283 3597 2339 3642; x_wconf 92' lang='lat'>30</span> 
     </span>
     <span class='ocr_line' id='line_1_34' title="bbox 131 3674 2242 3755; baseline -0.01 -6"><span class='ocrx_word' id='word_1_290' title='bbox 131 3690 451 3749; x_wconf 67' lang='lat' dir='ltr'>arbitrabar</span> <span class='ocrx_word' id='word_1_291' title='bbox 503 3688 564 3746; x_wconf 92' lang='lat' dir='ltr'>in</span> <span class='ocrx_word' id='word_1_292' title='bbox 618 3690 794 3742; x_wconf 90' lang='lat' dir='ltr'>tantis</span> <span class='ocrx_word' id='word_1_293' title='bbox 845 3689 928 3739; x_wconf 87' lang='lat' dir='ltr'>rei</span> <span class='ocrx_word' id='word_1_294' title='bbox 979 3681 1249 3755; x_wconf 77' lang='lat' dir='ltr'>pfiblicae</span> <span class='ocrx_word' id='word_1_295' title='bbox 1301 3678 1575 3752; x_wconf 73' lang='lat' dir='ltr'>periculis</span> <span class='ocrx_word' id='word_1_296' title='bbox 1626 3694 1752 3733; x_wconf 91' lang='lat' dir='ltr'>esse</span> <span class='ocrx_word' id='word_1_297' title='bbox 1805 3675 1946 3731; x_wconf 86' lang='lat' dir='ltr'>mihi</span> <span class='ocrx_word' id='word_1_298' title='bbox 1999 3674 2242 3730; x_wconf 89' lang='lat' dir='ltr'>nimiam</span> 
     </span>
     <span class='ocr_line' id='line_1_35' title="bbox 134 3770 2239 3861; baseline -0.01 -16"><span class='ocrx_word' id='word_1_299' title='bbox 134 3787 495 3861; x_wconf 87' lang='lat' dir='ltr'>diligentiam</span> <span class='ocrx_word' id='word_1_300' title='bbox 541 3779 1102 3861; x_wconf 72' lang='lat' dir='ltr'>pertimescendam.</span> <span class='ocrx_word' id='word_1_301' title='bbox 1210 3778 1488 3834; x_wconf 71' lang='lat' dir='ltr'>Senatum</span> <span class='ocrx_word' id='word_1_302' title='bbox 1536 3775 1906 3847; x_wconf 89' lang='lat' dir='ltr'>frequentem</span> <span class='ocrx_word' id='word_1_303' title='bbox 1956 3770 2239 3839; x_wconf 90' lang='lat' dir='ltr'>celeriter,</span> 
     </span>
    </p>
   </div>
  </div>
 </body>
</html>
