2719 4161
394 1309 444 1340 10

392 1784 440 1831 ¹5

387 2286 444 2318 20

389 2961 443 3008 25

392 3444 448 3489 30

503 214 631 304 158
1053 224 1481 281 ORATIONS
1542 224 1648 280 OF
1706 221 2010 280 CICERO

572 406 865 479 Quotiens
894 425 1008 482 ego
1038 407 1195 464 hunc
1226 407 1503 464 Archiam
1533 405 1672 477 vidi,
1695 405 1935 477 ifidiceS,
1959 438 2027 446 —
2053 408 2189 460 fitar
2217 401 2380 459 enim
2409 403 2608 457 vestr‘a'

492 504 874 578 benignitate,
903 506 1181 578 quoniam
1216 510 1310 562 me
1348 506 1411 561 in
1457 504 1571 561 hec
1606 509 1763 562 nove
1791 520 2007 578 genere
2037 500 2288 558 dicendi
2322 510 2444 555 tam
2476 496 2603 554 dili-

488 612 697 676 genter
726 601 1047 673 attenditiS,
1066 603 1439 676 —quotiens
1467 619 1579 677 ego
1610 601 1765 658 hunc
1797 600 1933 671 vidi,
1958 618 2093 656 cum
2124 598 2387 655 litteram
2420 601 2605 667 scrip-

488 700 655 756 sisset
698 700 935 771 millam,
983 705 1260 774 magnum
1306 718 1616 757 numerum
1657 700 2016 774 optimc->rum
2057 714 2337 753 versuum
2398 693 2480 751 de
2541 693 2605 747 iis

490 799 628 873 ipsis
671 799 844 856 rebus
886 816 1037 872 quae
1084 809 1205 854 tum
1253 809 1566 873 agerentur
1610 797 1810 855 dicere
1862 815 1933 854 ex
1985 805 2273 868 tempore,
2324 792 2605 866 quotiens

486 902 826 954 revocatum
864 895 1120 953 eandem
1165 914 1288 952 rem
1337 895 1538 953 dicere
1566 881 1959 952 ¹commi-itatis
2001 892 2194 950 verbis
2237 901 2427 964 atque
2474 906 2601 945 sen·

486 996 699 1051 tentiiS.
785 995 955 1068 Quae
993 998 1133 1051 vere
1174 998 1449 1051 accurate
1479 994 1851 1068 cegitateque
1882 991 2228 1066 scripsisset,
2259 1007 2335 1045 ea
2368 994 2456 1045 sic
2484 985 2603 1042 vidi

488 1093 723 1165 probari
765 1105 828 1149 ut
869 1092 945 1149 ad
982 1101 1247 1148 veterum
1294 1097 1645 1166 scripterum
1689 1089 1925 1149 laudem
1968 1094 2326 1164 perveniret.
2421 1086 2601 1142 Hunc

487 1208 598 1262 ego
635 1195 752 1246 ηὸτι
789 1189 1048 1264 diligam,
1083 1195 1198 1247 ηὸιι
1237 1190 1513 1261 admirer,
1544 1195 1661 1247 nen
1692 1195 1856 1247 omni
1885 1189 2111 1246 ratiene
2142 1183 2607 1268 dEfendenduqx

487 1289 733 1360 putem?
813 1289 1003 1362 Atque
1036 1295 1118 1345 sic
1153 1294 1188 1345 Ξ
1217 1294 1460 1344 summis
1491 1287 1826 1345 hominibus
1865 1284 2403 1356 eruditissimisque
2434 1275 2601 1350 aee}

486 1385 696 1458 pimuS,
720 1390 1045 1442 ceterarum
1079 1391 1268 1443 rerum
1303 1386 1496 1443 studia
1526 1404 1597 1442 ex
1627 1385 1900 1443 doctrina
1928 1393 1986 1441 et
2014 1387 2360 1458 praeceptis
2395 1390 2458 1438 et
2482 1383 2607 1446 ar&

487 1589 544 1636 et
574 1580 735 1652 quasi
767 1579 967 1637 divine
999 1580 1257 1654 quedam
1305 1581 1511 1655 spiritu
1552 1579 1761 1638 inflari.
1847 1579 1981 1653 Qua
2008 1583 2071 1636 re
2101 1583 2210 1634 sue
2240 1578 2375 1634 iere
2408 1585 2604 1633 noster

486 1676 579 1732 ille
615 1678 837 1734 Ennius
882 1684 1114 1735 sanctes
1160 1678 1428 1752 appellat·
1465 1683 1689 1752 poeta'S,
1720 1676 1881 1752 quod
1913 1676 2078 1752 quasi
2109 1675 2368 1733 deerum
2404 1676 2598 1749 alique

486 1773 647 1830 (Ιόηὸ
675 1785 852 1848 atque
884 1781 1125 1832 munere
1158 1776 1566 1833 commendeti
1594 1777 1763 1833 nebis
1794 1793 1923 1834 esse
1953 1774 2284 1831 videantur.

567 1872 651 1928 Sit
681 1872 871 1946 igitur,
905 1873 1145 1944 iudices,
1180 1879 1445 1930 sanctum
1479 1874 1635 1947 apud
1668 1879 1789 1944 ves,
1815 1873 2271 1929 humanissimes
2304 1872 2595 1940 homines,

487 1969 598 2025 hec
656 1975 868 2043 poetae
932 1976 1170 2040 nemen,
1231 1971 1394 2045 quod
1454 1972 1613 2028 nulla
1668 1989 1948 2045 umquam
2007 1970 2282 2027 barbaria
2340 1967 2596 2027 violavit.

486 2067 632 2124 Saxa
688 2077 746 2124 et
803 2067 1148 2126 selitudines
1206 2074 1339 2126 veci
1382 2068 1766 2143 respondent,
1812 2068 2032 2127 bestiae
2079 2086 2259 2142 saepe
2306 2066 2596 2125 immin&

486 2169 663 2221 cantu
710 2165 1024 2223 flectuntur
1071 2179 1245 2241 atque
1291 2168 1619 2224 censistunt
1643 2188 1658 2237 3
1703 2172 1812 2224 nes
1855 2167 2103 2223 instituti
2146 2166 2323 2223 rebus
2358 2166 2597 2240 optimis

486 2268 604 2319 nen
651 2268 954 2336 poetarum
997 2270 1142 2321 vece
1188 2266 1568 2322 moveamur?
1652 2266 1980 2322 Homerum
2011 2262 2383 2337 Colophenii
2416 2271 2599 2320 civem

489 2378 615 2417 esse
672 2359 876 2416 dicunt
937 2380 1124 2431 suum,
1169 2362 1303 2419 Chii
1361 2381 1528 2419 suum
1572 2361 1897 2432 vindicant,
1940 2361 2241 2419 Salaminii
2302 2370 2597 2436 repetunt,

486 2460 789 2530 Smyrnaei
833 2462 973 2514 vere
1016 2478 1183 2513 suum
1230 2476 1357 2515 esse
1403 2460 1765 2516 cenfirmant
1813 2459 2013 2533 itaque
2058 2460 2239 2516 etiam
2285 2458 2596 2516 delfibrum

487 2554 609 2611 eius
654 2546 983 2628 in'oppide
1014 2554 1475 2627 dedicaverunt,
1522 2557 1796 2630 permulti
1839 2557 1935 2614 alii
1978 2562 2295 2633 praeterea
2335 2560 2596 2631 pfignant

485 2652 636 2709 inter
679 2657 740 2709 se
784 2663 960 2726 atque
1006 2652 1397 2710 contendunt.

842 2838 913 2883 He
945 2839 1039 2885 has
1071 2838 1293 2897 glorified
1323 2840 1414 2885 the
1443 2852 1588 2885 name
1620 2839 1672 2886 of
1700 2842 1790 2886 the
1821 2841 2010 2886 Roman
2040 2841 2235 2898 people.

570 2946 676 3001 IX.
737 2946 892 3019 Erge
937 2947 1016 3003 illi
1058 2946 1333 3019 alienum,
1374 2950 1513 3022 quia
1555 2956 1729 3024 poeta
1779 2949 1901 3020 fuit,
1932 2960 2066 3024 post
2111 2960 2372 3007 mortem
2420 2950 2589 3007 etiarn

491 3052 771 3116 expetunt
795 3064 810 3112 3
856 3048 961 3099 nes
1006 3044 1160 3101 hunc
1192 3053 1405 3115 vivum,
1438 3054 1539 3119 qui
1582 3058 1639 3103 et
1681 3047 1978 3103 voluntate
2022 3057 2081 3103 et
2125 3047 2357 3121 legibus
2403 3058 2591 3104 noster

492 3150 597 3210 est,
642 3140 1101 3214 repudiabimus,
1144 3144 1493 3216 praesertim
1535 3163 1669 3200 cum
1706 3163 1881 3200 omne
1925 3145 2061 3200 elim
2110 3144 2379 3201 studium
2425 3156 2588 3219 atque

490 3256 667 3294 omne
709 3239 1007 3312 ingenium
1049 3240 1363 3298 contulerit
1394 3241 1638 3298 Archias
1680 3241 1754 3297 ad
1800 3242 2002 3314 populi
2048 3242 2312 3299 Remeni
2356 3243 2587 3317 gleriam

490 3334 845 3408 laudemque
889 3336 1351 3394 celebrandam?
1436 3340 1591 3395 Nam
1638 3348 1697 3395 et
1740 3339 2068 3396 Cimbricas
2111 3343 2203 3395 res
2249 3339 2588 3398 adulescens

490 3431 681 3505 attigit
712 3442 769 3487 et
801 3432 912 3505 ipsi
942 3432 1022 3489 illi
1051 3434 1118 3491 C.
1154 3435 1366 3504 Marie,
1399 3442 1499 3507 qui
1541 3436 1741 3491 durior
1767 3435 1843 3492 ad
1875 3436 2020 3491 haec
2046 3435 2245 3492 studia
2266 3437 2583 3504 videbatur,

491 3527 780 3587 ificundus
811 3528 933 3583 fuit.
1023 3531 1230 3602 Neque
1262 3532 1423 3588 enim
1466 3532 1776 3604 quisquam
1808 3542 1894 3589 est
1925 3543 2042 3589 tam
2075 3538 2316 3591 eversus
2350 3540 2387 3592 Ξ
2420 3536 2585 3591 Mfisis

490 3632 591 3698 qui
649 3629 769 3679 ηὸτι
827 3624 1091 3678 mandari
1143 3627 1402 3682 versibus
1452 3637 1754 3683 aeternum
1805 3634 2040 3685 suerum
2101 3628 2375 3688 laberum
2436 3630 2583 3688 facile

493 3718 872 3793 praecenium
918 3717 1189 3789 patiatur.
1273 3721 1738 3779 Themistoclem
1782 3724 1963 3795 illum,
2008 3743 2311 3784 summurn
2359 3729 2584 3786 Athenis
