2719 4161
536 240 673 313 150
1100 231 1527 288 ORATIONS
1589 231 1696 287 OF
1753 230 2056 287 CICERO

525 419 588 472 re
627 415 810 472 nelite
849 413 1121 473 dubitere
1161 420 1303 489 quin
1345 413 1481 470 huic
1523 418 1626 470 sini
1665 412 1921 471 credetis
1959 413 2180 485 omnia,
2211 420 2313 488 qui
2352 414 2498 469 inter
2529 422 2595 469 tot

525 517 711 569 annes
750 516 899 569 finus
937 513 1208 568 inventus
1251 511 1323 568 sit
1370 528 1550 585 quem
1584 511 1732 570 socii
1761 510 1824 567 in
1850 510 2007 568 urbis
2036 516 2170 568 sues
2200 528 2336 567 cum
2365 510 2594 567 exercitii

524 610 751 667 venisse
782 608 1099 684 gaudeant.
2632 601 2633 668 l

608 707 786 780 Quod
818 713 866 764 si
893 706 1343 764 aucteritetibus
1373 706 1529 764 hanc
1557 724 1816 777 causam,
1840 705 2118 778 QuiriteS,
2149 704 2595 763 cenfirmandam
2632 687 2633 740 3

455 821 480 870 5
526 805 760 879 putetiS,
792 814 881 862 est
910 804 1076 863 vebis
1119 785 1328 861 auctor
1369 804 1456 860 vir
1497 804 1786 861 bellerum
1822 803 2088 861 omniurn
2124 804 2595 874 meximzirumque

525 908 717 960 rerum
761 902 1162 977 peritissimuS,
1210 903 1273 958 P.
1317 901 1608 972 ServiliuS,
1648 901 1815 958 efiius
1858 909 2059 958 tantae
2102 906 2194 958 res
2235 911 2432 975 gestae
2474 904 2596 956 terra

527 1007 788 1074 marique
833 1001 1180 1057 exstiterunt
1220 1009 1286 1057 ut
1334 1018 1472 1057 curn
1514 998 1592 1056 de
1635 999 1791 1056 belle
1833 998 2170 1056 deliberetis
2214 1009 2417 1056 auctor
2461 997 2597 1053 vebis
2634 967 2635 1042 i

526 1099 755 1172 gravior
797 1116 923 1154 esse
970 1103 1146 1154 neme
1188 1096 1409 1155 debeat
1430 1117 1447 1168 3
1492 1106 1582 1153 est
1612 1097 1683 1155 C.
1714 1096 1915 1168 Cfirit‘),
1945 1103 2187 1153 summis
2218 1103 2418 1154 vestris
2445 1095 2595 1153 bene-

526 1195 673 1252 ficiis
729 1195 1114 1269 maximisque
1174 1195 1347 1253 rebus
1403 1201 1600 1269 gestiS‚
1644 1199 1878 1252 summe
1920 1194 2159 1268 ingenie
2203 1203 2263 1251 et
2319 1193 2597 1268 prfidentizi

430 1314 484 1345 10
527 1292 824 1366 praeditus
848 1313 863 1363 3
925 1302 1014 1349 est
1060 1293 1171 1351 Cn.
1232 1293 1531 1364 Lentulu5‚
1576 1292 1635 1349 in
1680 1297 1800 1366 que
1841 1297 2049 1349 omnes
2107 1297 2217 1367 pre
2261 1290 2596 1366 amplissimis
2636 1335 2637 1348 ,

525 1397 728 1447 vestris
799 1391 1120 1447 honeribus
1183 1409 1480 1447 summurn
1537 1390 1868 1460 censilium,
1926 1408 2220 1446 summam
2289 1390 2597 1464 gravitatem

527 1506 653 1544 esse
698 1488 1053 1562 cegnevistis
1077 1509 1091 1558 ;
1142 1497 1228 1545 est
1259 1489 1328 1544 C.
1364 1488 1618 1558 CassiuS,
1649 1487 2002 1562 integritete,
2033 1487 2271 1557 virtfite,
2301 1484 2597 1543 censtantizi

521 1585 814 1660 singulari.
899 1586 1034 1659 Que
1072 1591 1134 1644 re
1163 1584 1359 1642 videte
1404 1584 1612 1642 herum
1649 1585 2096 1644 aucteritetibus
2125 1586 2353 1643 illerum
2386 1583 2598 1642 eretieni

521 1689 624 1757 qui
653 1683 1002 1741 dissentiunt
1035 1666 1479 1758 responderene
1510 1700 1680 1757 posse
1712 1682 2033 1741 videamur.

526 1888 692 1935 Cicero
721 1889 919 1948 praises
949 1889 1210 1948 Manilius,
1241 1890 1451 1949 pledges
1483 1889 1564 1935 hi·
1598 1901 1710 1935 own
1746 1889 1975 1948 support,
2009 1890 2109 1935 and
2139 1889 2312 1936 denies
2347 1890 2416 1935 all
2450 1885 2596 1936 selfish

1460 1964 1696 2009 motives.

432 2101 481 2148 ¹5
605 2094 820 2150 XXIV.
881 2092 1051 2164 Quae
1079 2111 1217 2148 cum
1248 2092 1329 2149 ita
1357 2092 1491 2164 sint,
1523 2092 1591 2150 C.
1626 2093 1849 2163 Manili,
1880 2099 2137 2167 primum
2178 2093 2351 2150 istam
2381 2101 2525 2149 tuam
2553 2098 2594 2144 et
2640 2118 2641 2137 2

527 2189 719 2264 legem
763 2200 820 2246 et
863 2189 1227 2246 voluntetem
1273 2198 1335 2246 et
1378 2189 1734 2246 sententiam
1778 2188 1958 2246 laude
1998 2189 2596 2259 vehementissimeque

526 2288 855 2361 comprobe
877 2307 894 2357 3
967 2285 1186 2344 deinde
1245 2292 1304 2343 te
1362 2286 1566 2344 hortor
1619 2296 1684 2344 ut
1754 2291 1993 2344 auctr—>re
2062 2286 2288 2361 popule
2357 2285 2596 2344 Remini)

529 2390 765 2441 manees
821 2384 882 2440 in
937 2384 1248 2454 sententia,
1287 2389 1438 2441 neve
1494 2384 1840 2458 cfiiusquam
1881 2383 2001 2441 vim
2058 2394 2158 2441 aut
2216 2384 2405 2440 mines
2451 2379 2595 2457 perti-

530 2488 771 2540 mesces,
886 2483 1145 2539 Primum
1202 2483 1264 2538 in
1321 2487 1381 2539 te
1424 2482 1561 2539 satis
1619 2500 1745 2539 esse
1802 2481 1985 2538 animi
2041 2481 2595 2556 perseverantiaeque

428 2600 486 2631 20
527 2580 772 2637 arbitror
793 2600 809 2651 3
866 2578 1084 2637 deinde
1127 2597 1263 2636 cum
1308 2589 1535 2636 tantam
1582 2578 2018 2636 multitfidinem
2056 2598 2194 2636 cum
2240 2584 2405 2637 tante
2437 2574 2597 2635 studii)

528 2677 735 2734 adesse
764 2676 1068 2734 videamus
1110 2687 1390 2751 quantam
1427 2677 1637 2734 iterum
1667 2695 1826 2734 nunc
1856 2677 1915 2734 in
1948 2677 2163 2734 eedem
2195 2677 2433 2735 homine
2464 2690 2594 2749 prae-

527 2774 784 2832 ficiende
821 2773 1109 2846 videmuS,
1140 2775 1283 2847 quid
1327 2783 1417 2832 est
1453 2774 1615 2849 quod
1659 2782 1762 2831 aut
1804 2773 1883 2833 de
1921 2779 1983 2832 re
2025 2784 2125 2832 aut
2167 2775 2246 2833 de
2288 2768 2597 2850 perficiendi

528 2873 802 2930 facultate
846 2871 1225 2930 dubitemus?

611 2971 738 3044 Ego
768 2980 963 3026 autem
996 2970 1278 3044 quicquid
1319 2979 1410 3028 est
1453 2969 1512 3027 in
1557 2975 1653 3029 me
1691 2969 1865 3042 studi,
1895 2970 2120 3042 censili,
2153 2969 2384 3040 laberiS,
2415 2968 2594 3043 ingeni,

437 3084 490 3134 25
527 3067 811 3141 quicquid
869 3066 984 3124 hec
1042 3068 1336 3125 beneficie
1396 3069 1601 3142 populi
1660 3069 1919 3125 Remani
1962 3078 2139 3141 atque
2184 3068 2293 3124 hec
2341 3069 2592 3142 potestate

531 3166 837 3239 praeteriri,
896 3164 1180 3239 quicquid
1239 3166 1607 3236 aucteritate,
1668 3165 1804 3236 fide,
1865 3166 2199 3223 censtantie
2256 3183 2503 3239 possum,
2549 3157 2594 3216 id

529 3281 706 3320 omne
737 3261 811 3318 ad
844 3262 994 3318 hane
1027 3281 1150 3320 rem
1184 3262 1618 3320 cenficiendam
1666 3263 1770 3320 tibi
1816 3272 1876 3320 et
1919 3263 2143 3338 popule
2188 3264 2459 3320 Remane
2495 3257 2591 3335 pol·

529 3360 711 3417 liceor
739 3378 808 3415 ac
840 3359 1044 3417 desere
1066 3381 1082 3431 3
1129 3371 1430 3435 testorque
1455 3369 1648 3419 omnis
1678 3360 1840 3431 dees,
1867 3371 1927 3418 et
1957 3367 2060 3418 ees
2090 3362 2346 3419 mexime
2368 3367 2460 3435 qui
2487 3356 2593 3414 huic

529 3459 664 3515 loce
703 3459 1045 3531 templeque
1086 3459 1443 3532 praesident,
1476 3466 1576 3533 qui
1614 3459 1879 3516 omniurn
1922 3466 2137 3516 mentis
2183 3465 2386 3517 eerum
2413 3463 2503 3532 qui
2538 3449 2590 3511 ad

442 3571 496 3616 30
531 3574 653 3612 rem
700 3556 995 3630 pfiblicam
1040 3554 1260 3613 adeunt
1308 3556 1559 3613 mexime
1604 3556 1986 3631 perspiciunt,
2020 3562 2117 3614 me
2161 3556 2277 3614 hec
2317 3572 2492 3630 neque
2520 3569 2590 3608 ro-

531 3658 665 3729 getfi
714 3654 906 3709 facere
952 3652 1315 3726 ciiiusquam,
1348 3672 1544 3728 neque
1588 3659 1707 3728 que
1751 3656 1860 3711 Cn.
1908 3656 2158 3727 Pomp&
2199 3655 2443 3727 gretiam
2480 3646 2589 3708 mihi

532 3770 638 3830 per
677 3750 829 3806 hanc
869 3768 1106 3810 causam
1136 3750 1439 3809 concilieri
1482 3761 1706 3829 putem,
1739 3768 1931 3830 neque
1974 3755 2096 3830 que
2140 3751 2285 3812 mihi
2327 3770 2401 3812 ex
2438 3748 2588 3809 cilius·
