2719 4161
426 1314 478 1345 10

426 1797 475 1843 15

423 2296 479 2327 20

422 2767 475 2814 25

423 3259 480 3303 30

428 3737 478 3782 35

529 235 665 305 170
1077 227 1503 285 ORATIONS
1565 228 1670 284 OF
1729 226 2034 284 CICERO

519 418 728 486 poenis
774 417 1042 468 teneitur
1085 421 1143 468 et
1187 411 1429 486 legibus,
1536 411 1665 468 Nisi
1702 412 1853 469 sorte
1891 411 2072 485 magis
2107 411 2213 468 erit
2248 409 2539 485 parricida
2564 418 2603 466 si

519 516 619 583 qui
664 509 1031 565 consularem
1076 520 1305 583 patrem
1335 528 1514 583 quam
1558 516 1604 567 si
1634 510 1766 582 quis
1810 509 2088 565 humilem
2133 508 2362 578 necarit,
2393 519 2501 564 aut
2542 513 2603 564 eo

520 626 678 664 mors
721 608 973 663 atrocior
1018 607 1126 663 erit
1174 609 1234 665 P.
1268 607 1463 678 Clodi,
1493 606 1656 680 quod
1700 607 1748 663 is
1788 606 1849 663 in
1893 612 2286 664 monumentis
2326 605 2607 662 maiorum

520 711 754 762 suorum
807 705 879 761 sit
938 704 1373 761 interfectus—

520 803 634 859 hoc
692 803 850 859 enirn
901 803 977 859 ab
1031 803 1150 859 istis
1195 820 1373 876 saepe

520 901 752 971 dicitur,
858 900 1109 975 proinde
1209 901 1373 974 quasi

521 999 746 1072 Appius
802 998 896 1054 ille
942 998 1174 1056 Caecus
1222 998 1373 1056 viam

522 1096 849 1165 muniverit,
880 1101 1002 1151 non
1029 1101 1147 1169 quei
1184 1113 1372 1170 popu-

522 1193 608 1250 lus
665 1199 923 1250 uteretur
972 1192 1075 1250 sed
1121 1193 1220 1250 ubi
1266 1193 1374 1249 im-

523 1296 681 1364 pune
756 1298 842 1347 sui
914 1298 1134 1365 posteri
1202 1290 1374 1348 latro·

521 1390 868 1446 cinzirentur.

604 1487 810 1560 Itaque
870 1487 929 1543 in
993 1486 1202 1543 eidem
1265 1487 1378 1544 ist‘ai

520 1585 714 1658 Appii
756 1585 849 1642 viai
891 1602 1028 1668 cum
1075 1584 1371 1642 ornitissi-

522 1700 682 1738 mum
731 1683 989 1756 equitem
1039 1684 1374 1739 Romiinum

523 1781 586 1836 P.
643 1780 888 1837 Clodius
947 1781 1032 1835 M.
1079 1780 1374 1853 Papirium

522 1878 855 1945 occidisset,
902 1883 1019 1933 non
1071 1877 1174 1933 suit
1233 1876 1377 1934 illud

522 1974 748 2031 facinus
779 1974 1163 2047 puniendum,
1196 1974 1378 2032 homo

522 2073 681 2130 enim
728 2072 939 2130 nobilis
984 2073 1043 2130 in
1087 2079 1202 2130 suis
1250 2092 1375 2130 mo-

521 2178 816 2228 numentis
849 2172 1109 2245 equitem
1155 2173 1375 2227 Romi-

523 2287 660 2325 num
772 2268 1073 2326 occiderat
1107 2290 1121 2339 ;
1220 2287 1377 2325 nunc

522 2365 786 2423 eiusdem
856 2366 1086 2440 Appiae
1155 2371 1375 2423 nomen

521 2469 768 2537 quantis
832 2463 1165 2538 tragoedifis
1218 2464 1375 2520 exci-

522 2571 624 2617 tat.
684 2561 852 2633 Quae
877 2568 1180 2618 cruentata
1203 2567 1379 2618 ante}

522 2658 709 2715 caede
741 2659 972 2716 honesti
1001 2669 1177 2733 atque
1209 2660 1377 2716 inno·
1717 2692 1853 2727 cuo
1890 2691 2164 2727 UT1CENS1S

521 2757 709 2813 centis
725 2756 831 2813 viri
851 2757 1144 2827 silebatur,
1164 2757 1375 2814 eadem

520 2873 677 2911 nunc
708 2855 916 2912 crebro
946 2858 1273 2928 fisiirpfitur,
1305 2860 1514 2928 poste}
1541 2873 1718 2928 quam
1763 2853 2004 2912 latronis
2042 2863 2104 2911 et
2137 2852 2471 2929 parricidae
2503 2866 2605 2908 san-

521 2952 696 3026 guine
735 2952 961 3009 imbuta
990 2962 1095 3010 est.
1180 2953 1295 3010 Sed
1341 2951 1483 3026 quid
1528 2970 1640 3027 ego
1677 2953 1770 3009 illa
1805 2954 2257 3010 commemoro?
2339 2952 2605 3024 Compre-

521 3049 737 3107 hensus
767 3061 854 3107 est
884 3051 944 3107 in
974 3051 1200 3124 templo
1230 3051 1492 3108 Castoris
1521 3068 1716 3109 servus
1748 3052 1811 3107 P.
1844 3049 2037 3121 Clodi,
2070 3068 2249 3125 quem
2283 3050 2378 3106 ille
2410 3048 2486 3106 ad
2513 3046 2601 3103 Cn.

525 3148 872 3220 Pompeium
903 3147 1378 3205 interficiendum
1410 3149 1767 3206 conloc‘airat.
1841 3150 2087 3206 Extorta
2118 3157 2207 3205 est
2238 3155 2293 3205 ei
2321 3146 2603 3205 confitenti

522 3251 644 3300 sica
672 3243 748 3301 de
781 3245 1064 3303 manibus,
1150 3247 1352 3303 Caruit
1390 3247 1515 3302 foro
1551 3252 1760 3320 poste}
1796 3247 2132 3321 PompEius‚
2176 3245 2364 3303 caruit
2404 3243 2598 3305 senatu,

522 3342 709 3398 caruit
754 3343 1028 3415 publie63
1073 3343 1246 3399 ifinufi
1274 3348 1337 3400 se
1367 3362 1436 3400 ac
1467 3344 1804 3418 parietibus,
1837 3350 1958 3402 non
1988 3345 2109 3402 ifire
2149 3344 2343 3418 legum
2382 3339 2598 3401 iudicio-

522 3457 768 3512 rumque
800 3440 957 3496 texit.
1045 3441 1204 3496 Num
1229 3459 1381 3514 quae
1405 3442 1632 3516 rogfitic‘)
1663 3443 1797 3513 lita,
1829 3461 1970 3499 num
1999 3460 2151 3516 quae
2181 3459 2334 3497 nova
2363 3435 2596 3515 quaestio

522 3536 762 3594 decreta
793 3539 921 3593 est?
1003 3539 1181 3611 Atqui
1224 3546 1273 3595 si
1315 3544 1424 3609 reS,
1457 3546 1502 3595 si
1532 3539 1636 3608 vir,
1667 3546 1713 3595 si
1743 3548 1976 3613 tempus
2006 3539 2186 3596 iillum
2222 3538 2466 3613 dignum
2498 3533 2597 3599 suit,

523 3637 685 3688 certe
717 3632 861 3687 haec
886 3632 945 3687 in
967 3632 1065 3688 illa
1087 3639 1262 3689 causi
1290 3652 1518 3689 summa
1541 3635 1741 3690 omnia
1773 3636 2022 3693 fuerunt.
2082 3622 2401 3693 insidiiitor
2423 3630 2593 3693 eratin

526 3727 654 3783 foro
690 3724 1032 3781 conlociitus
1071 3737 1246 3799 atque
1282 3728 1342 3782 in
1370 3728 1659 3787 vestibulo
1698 3731 1829 3805 ipso
1868 3736 2141 3805 senati-153
2186 3739 2242 3789 ei
2275 3732 2402 3790 viro
2431 3740 2594 3788 autem
