2719 4161
555 236 688 303 160
1103 245 1529 302 ORATIONS
1590 243 1697 301 OF
1756 243 2060 301 CICERO

542 439 718 503 atque
749 434 1036 486 servatam
1059 449 1075 500 ;
1119 439 1318 486 nostra
1346 445 1581 502 semper
1612 427 1828 485 feretur
1862 437 1923 484 et
1964 425 2403 501 praedicabitur
2433 426 2491 482 L.
2517 426 2592 482 Lii·

542 527 697 583 cullo
753 526 1093 597 dimicante,
1153 545 1286 583 cum
1354 526 1677 584 interfectis
1733 524 1982 584 ducibus
2037 523 2320 604 depressa
2388 523 2558 581 hostin

541 624 740 681 classis
798 635 904 695 est,
963 624 1323 682 incredibilis
1381 623 1540 698 apud
1596 622 1914 680 Tenedum
1971 626 2165 697 piigna
2230 622 2331 679 illa
2383 620 2573 678 navalis

541 730 742 779 nostra
811 732 944 778 sunt
1013 732 1273 797 tropaea,
1347 733 1549 778 nostra
1620 731 2021 791 monumenta,
2092 726 2273 777 nostri
2345 719 2589 792 triumphi

499 820 712 893 sQuae
755 825 1006 893 quirum
1051 820 1297 895 ingeniis
1341 819 1677 890 efferuntur,
1713 820 1787 877 ab
1833 819 1900 876 iis
1943 817 2144 893 populi
2189 818 2448 875 Rotnani
2486 816 2579 873 fam

542 917 887 975 celebratur.

624 1017 808 1073 Carus
841 1015 944 1071 fuit
977 1002 1252 1072 Ᾰΐτίςξηό
1294 1014 1580 1089 superiori
1623 1022 1828 1072 noster
1870 1013 2114 1085 Ennius,
2145 1011 2579 1090 itaquejetiami

541 1113 813 1188 sepulcro
858 1113 1200 1186 Scipionum
1245 1118 1480 1186 putatur
1525 1113 1572 1169 is
1616 1129 1745 1169 esse
1788 1113 2140 1169 constitutus
2183 1129 2259 1169 ex
2313 1127 2580 1168 marmore

542 1212 707 1268 cilius
751 1210 1020 1268 laudibus
1064 1215 1225 1268 cert‘e'
1268 1215 1389 1266 non
1434 1210 1619 1267 solum
1665 1210 1790 1283 ipse
1834 1215 1935 1283 qui
1984 1208 2255 1266 laudatur
2303 1208 2407 1266 sed
2463 1207 2566 1265 etia

447 1329 502 1361 10
544 1309 746 1383 populi
800 1309 1053 1365 Romani
1112 1313 1333 1364 nornen
1391 1313 1646 1365 ornatur.
1762 1308 1830 1364 In
1889 1307 2120 1364 caelum
2179 1305 2347 1363 huius
2396 1323 2590 1381 proavu

544 1407 695 1464 Cato
725 1406 946 1463 tollitur
967 1426 983 1477 3
1029 1411 1274 1479 magnus
1318 1405 1507 1462 honos
1552 1404 1757 1479 populi
1799 1405 2056 1461 Romani
2086 1404 2261 1462 rebus
2290 1402 2613 1477 adiungitur.

542 1502 768 1561 Omnes
797 1503 1054 1577 denique
1086 1503 1164 1559 illi
1198 1503 1463 1574 Maximi,
1496 1502 1783 1573 Marcelli,
1817 1500 2001 1558 Fulvii
2038 1506 2163 1558 non
2191 1501 2315 1558 sine
2342 1503 2565 1558 comm‘
2598 1501 2615 1510 '

540 1602 805 1658 omnium
835 1612 1098 1657 nostrum
1129 1599 1301 1657 laude
1333 1599 1707 1657 decorantur.

594 1813 751 1860 Great
779 1824 893 1858 men
922 1814 1075 1858 honor
1102 1814 1252 1858 those
1281 1813 1399 1859 who
1427 1813 1600 1859 herald
1630 1812 1766 1859 their
1793 1823 2011 1859 renown.
2073 1811 2237 1871 Many
2265 1811 2430 1858 would
2455 1812 2575 1856 have

1074 1888 1309 1945 procured
1339 1888 1429 1933 the
1460 1887 1762 1945 citizenship
1790 1885 1870 1933 for
1898 1886 2130 1933 Archias.

623 2001 696 2056 X.
758 1999 914 2072 Ergo
945 1998 1103 2054 illum
1129 2004 1228 2072 qui
1259 1998 1406 2054 haec
1441 1997 1677 2068 fe'cerat,
1712 1997 2013 2055 Rudinum
2044 1997 2369 2069 hominem,
2400 1996 2620 2054 maiores

449 2109 499 2156 Ῑ5
545 2105 727 2156 nostri
771 2098 829 2155 in
859 2098 1158 2154 civitatem
1192 2101 1582 2171 recept-eruum
1627 2101 1734 2153 nos
1770 2096 1929 2153 hunc
1968 2096 2417 2154 Heracliensem
2453 2094 2618 2151 multis

544 2195 874 2253 civitatibus
925 2201 1269 2276 expetitum,
1316 2194 1372 2250 in
1433 2193 1543 2250 hac
1592 2204 1792 2251 autem
1840 2193 2067 2268 legibus
2124 2193 2505 2250 constitutum
2561 2189 2620 2247 de

545 2299 743 2352 nostra
786 2292 1022 2350 civitate
1067 2292 1392 2350 Eiciemus?

626 2392 782 2448 Nam
813 2397 860 2448 si
890 2391 1019 2465 quis
1051 2390 1339 2447 minorem
1372 2389 1590 2465 gloriae
1617 2389 1868 2446 fructum
1900 2398 2066 2463 putat
2098 2408 2171 2447 ex
2201 2390 2444 2448 Graecis
2471 2385 2619 2446 versi-

546 2489 652 2547 bus
683 2490 907 2563 percipi
938 2506 1115 2561 quam
1149 2506 1220 2544 ex
1253 2488 1492 2558 Latinis,
1524 2487 1910 2545 vehementer
1939 2497 2110 2559 errat,
2142 2492 2459 2562 propterea
2483 2483 2620 2561 quod

446 2609 504 2640 20
545 2588 775 2645 Graeca
818 2587 1087 2659 leguntur
1128 2585 1188 2641 in
1232 2585 1508 2642 omnibus
1556 2585 1675 2641 fere
1707 2584 2001 2659 gentibus,
2036 2585 2246 2642 Latina
2281 2591 2398 2642 suis
2428 2583 2623 2641 finibus

545 2685 766 2758 exiguis
791 2688 928 2741 sane
952 2684 1345 2740 eontinentur.
1446 2682 1581 2755 Qua
1603 2686 1665 2740 re
1694 2689 1743 2739 si
1764 2687 1855 2740 res
1886 2700 1992 2740 eae
2012 2688 2157 2756 quas
2180 2683 2463 2757 gessimus
2490 2679 2623 2738 orbis

545 2792 732 2840 terrae
785 2781 1118 2856 regionibus
1177 2780 1565 2852 definiuntur,
1610 2798 1831 2855 cupere
1864 2779 2162 2838 'debetnus
2204 2784 2324 2855 quo
2371 2794 2625 2836 manuum

543 2886 871 2936 nostrarum
924 2879 1039 2936 tela
1084 2879 1478 2954 perVEnerint,
1520 2877 1735 2936 eodem
1786 2878 2032 2954 gloriam
2082 2879 2419 2952 famamque
2467 2892 2622 2952 pene·

545 2983 696 3034 trare
721 2998 734 3048 3
781 2976 944 3050 quod
987 2995 1123 3033 cum
1167 2978 1305 3050 ipsis
1343 2976 1576 3050 populis
1609 2976 1684 3034 de
1715 2982 1966 3051 quorum
1999 2976 2171 3034 rebus
2202 2976 2474 3034 scribitur
2499 2974 2624 3030 haec

447 3081 501 3129 25
546 3074 743 3148 ampla
785 3084 938 3144 sunt,
984 3084 1107 3130 tum
1153 3074 1219 3131 iis
1264 3079 1424 3131 certe
1468 3080 1569 3147 qui
1612 3073 1689 3131 de
1731 3079 1850 3132 vita
1892 3074 2110 3149 gloriae
2146 3079 2324 3132 causa
2365 3073 2623 3130 dimicant

547 3172 660 3229 hoc
693 3172 1009 3229 maximum
1044 3182 1101 3229 et
1132 3172 1523 3246 periculorum
1558 3172 2006 3229 incitamentum
2037 3182 2125 3229 est
2154 3181 2215 3229 et
2243 3172 2520 3230 laborum.

629 3270 822 3342 Quam
855 3269 1068 3325 multos
1092 3274 1407 3342 scriptores
1439 3274 1629 3326 rerum
1654 3275 1888 3327 suarum
1920 3276 2167 3345 magnus
2197 3270 2292 3327 ille
2316 3266 2624 3327 Alexander

548 3372 749 3425 secum
802 3367 1071 3424 habuisse
1122 3366 1353 3424 dicitur.
1471 3369 1667 3440 Atque
1718 3368 1765 3425 is
1815 3378 2031 3439 tamen,
2075 3386 2213 3425 cum
2256 3368 2318 3425 in
2359 3368 2525 3442 Sigeo
2559 3361 2622 3422 ad

549 3466 789 3522 Achillis
861 3465 1146 3521 tumulum
1219 3465 1533 3522 astitisset:
1609 3468 1644 3495 “
1666 3452 1720 3523 ὅ
1780 3466 2131 3536 ΐοτῑῦηεῖῐε,”
2191 3465 2401 3539 inquit,
2452 3462 2619 3520 “adu-

453 3577 508 3623 30
551 3554 794 3631 lescens,
838 3568 940 3634 qui
996 3572 1129 3617 tuae
1175 3562 1398 3617 virtutis
1472 3563 1803 3619 Homerum
1876 3567 2232 3636 praeconem
2302 3559 2619 3620 invEnerisJ’

555 3661 631 3714 Et
672 3662 826 3714 vere.
935 3657 1090 3711 Nam
1134 3656 1241 3712 nisi
1301 3645 1437 3712 ilias
1488 3657 1583 3713 illa
1635 3659 1966 3729 exstitisset,
2016 3657 2178 3716 idern
2239 3659 2490 3716 tumulus
2540 3660 2621 3729 qui

553 3769 765 3824 corpus
796 3751 918 3807 eius
949 3755 1292 3806 contexerat
1322 3755 1539 3806 nomen
1572 3753 1748 3808 etiam
1779 3753 2088 3811 obruisset.
2162 3755 2366 3828 Quid?
2435 3755 2621 3812 Noster
