2719 4161
414 1582 470 1613 10

414 2070 485 2119 1⁵⁷

411 2565 468 2597 20

410 3053 463 3102 25

521 246 661 337 236
1079 254 1505 314 ORATIONS
1566 257 1672 313 OF
1730 256 2036 314 CICERO

516 440 696 498 etiam
726 441 1009 499 invitabat
1038 461 1056 513 3
1099 458 1250 515 quae
1281 450 1484 498 tamen
1519 438 1835 498 erfidalitas
1873 439 1950 498 ab
1984 440 2099 497 hac
2137 438 2342 497 eadem
2377 438 2551 513 aliquot

515 545 684 596 annis
712 549 847 614 post
875 556 1055 614 quem
1086 542 1148 595 tsi
1178 555 1335 595 nunc
1365 537 1668 596 erfidalem
1701 556 1828 596 esse
1857 544 1941 595 vis
1968 537 2269 595 vindicata
2297 547 2385 595 est.

482 755 485 756 ⁷
540 698 591 746 1t
620 700 802 746 cannot
830 698 890 745 be
919 699 1039 745 that
1074 697 1265 745 Tubero
1292 697 1340 744 is
1373 709 1430 744 eo
1458 697 1699 743 inhumari
1728 710 1788 744 as
1817 700 1874 745 to
1902 698 2103 756 deprive
2136 697 2358 757 Ligarius
2382 694 2430 744 of
2452 696 2542 742 that

994 784 1165 831 merey
1194 772 1264 831 by
1292 772 1459 819 which
1490 773 1553 818 he
1583 771 1791 819 himself
1818 785 1929 819 was
1962 774 2136 818 saved.

592 878 666 935 V.
724 859 883 953 ‘Ego
917 881 1059 934 vara
1093 875 1250 934 istud
1283 880 1407 932 nan
1436 876 1671 950 postula
1691 878 1704 903 ’
1742 874 1989 951 inquias,
2084 877 2200 948 Ita,
2230 882 2323 935 ma
2356 874 2559 944 hercule,

514 975 805 1046 existima,
848 975 1107 1033 Tabera.
1194 974 1353 1030 Navi
1395 974 1553 1030 enim
1599 978 1677 1045 t’e,
1721 979 1858 1031 navi
1900 984 2153 1048 patrem,
2199 979 2331 1031 navi
2366 973 2562 1031 domum

511 1077 851 1147 namenque
880 1080 1140 1130 vestrum
1174 1091 1191 1143 3
1236 1069 1431 1129 studia
1468 1072 1699 1146 generis
1733 1090 1804 1129 ac
1835 1071 2088 1129 familiae
2118 1082 2342 1129 vestrae
2365 1069 2562 1138 vittatis

512 1169 908 1241 hamanitatiS,
955 1169 1281 1240 doctrinae,
1328 1170 1710 1243 plarimarum
1758 1170 1969 1227 artium
2026 1177 2209 1244 atque
2264 1169 2564 1244 optimarum

511 1272 652 1324 nata
682 1267 824 1324 mihi
855 1276 991 1324 sunt
1024 1268 1241 1325 omnia.
1329 1267 1543 1341 Itaque
1578 1272 1743 1325 certa
1778 1268 1902 1325 scic')
1932 1272 2034 1324 vas
2078 1272 2204 1324 nan
2245 1277 2433 1341 petere
2467 1282 2563 1322 san-

510 1365 769 1438 guinem,
815 1364 922 1421 sed
969 1383 1176 1439 parum
1225 1364 1549 1422 attenditis.
1637 1366 1758 1421 Ras
1804 1365 1963 1421 enim
2014 1370 2088 1421 ea
2138 1375 2380 1439 spectat,
2416 1373 2474 1420 ut
2516 1365 2568 1417 ea

511 1467 708 1536 poena
754 1462 816 1519 in
850 1468 969 1536 qua
1001 1462 1200 1520 adhac
1235 1462 1311 1535 Q.
1351 1462 1613 1536 Ligarius
1662 1471 1753 1520 est
1797 1468 1919 1519 nan
1951 1462 2276 1520 videamini
2316 1480 2431 1519 esse
2461 1476 2565 1516 con-

510 1565 675 1617 tenti.
761 1560 931 1633 Quae
970 1568 1061 1617 est
1100 1560 1274 1635 igitur
1310 1560 1424 1616 alia
1461 1570 1697 1634 praeter
1737 1569 1988 1617 mortem
2015 1561 2042 1617 Ρ
2125 1560 2186 1617 Si
2228 1560 2380 1617 enim
2419 1556 2568 1616 estin

512 1656 731 1728 exsilia,
763 1663 934 1714 sicuti
964 1666 1070 1728 est,
1102 1656 1245 1732 quid
1277 1657 1529 1731 amplius
1560 1657 1864 1732 postulatis
1890 1659 1917 1715 Ρ
1999 1660 2089 1713 An
2122 1662 2197 1715 na
2232 1654 2571 1732 ignascatur?

511 1755 654 1812 Hac
697 1758 839 1812 vara
888 1755 1076 1811 multa
1134 1755 1403 1813 acerbius
1462 1755 1764 1830 multaque
1822 1763 1912 1813 est
1968 1754 2188 1812 darius.
2276 1753 2446 1828 Quod
2491 1755 2571 1808 ηδε

510 1852 677 1910 domi
734 1852 989 1927 petimus
1046 1852 1339 1926 precibus,
1392 1851 1663 1924 lacrimiS,
1716 1858 1881 1910 strati
1936 1852 2014 1910 ad
2069 1851 2278 1927 pedas,
2322 1856 2434 1909 nan
2481 1861 2570 1907 tam

509 1959 743 2009 nostrae
774 1968 984 2008 causae
1016 1948 1275 2007 fidentas
1306 1967 1486 2024 quam
1522 1949 1690 2007 hfiius
1726 1950 2095 2021 hamanitati,
2126 1950 2189 2007 id
2229 1955 2307 2008 na
2339 1950 2569 2023 impetre-

511 2065 641 2106 mus
669 2047 1041 2123 oppfignabis
1078 2058 1137 2106 et
1172 2047 1234 2105 in
1264 2056 1528 2106 nostrum
1560 2048 1762 2106 flatum
1798 2047 2097 2123 inrumpas
2137 2057 2197 2105 et
2233 2051 2338 2106 nas
2370 2047 2572 2105 iacentis

510 2146 588 2204 ad
616 2145 803 2220 pedas
832 2147 1165 2221 supplicum
1194 2151 1343 2203 vace
1373 2146 1714 2220 prohibabis
1738 2148 1765 2204 Ρ
1846 2148 1906 2204 Si
1935 2165 2071 2203 cum
2107 2145 2223 2203 hac
2264 2145 2424 2204 domi
2455 2145 2573 2201 face-

510 2247 724 2315 ramus,
764 2243 929 2318 quod
971 2253 1030 2300 et
1079 2244 1330 2301 fecimus
1379 2254 1455 2313 et,
1486 2252 1552 2300 ut
1597 2249 1788 2318 spara,
1824 2248 1945 2300 nan
1988 2243 2198 2301 fri-istra
2242 2244 2498 2313 iacimus,
2531 2241 2574 2295 tsi

509 2349 759 2416 repente
817 2341 1088 2398 inruisse-es
1151 2353 1212 2398 et
1273 2342 1529 2399 clamare
1588 2342 1884 2415 coepissas
1917 2363 1929 2398 :
2013 2340 2119 2400 ‘C.
2179 2341 2414 2412 Caesar,
2467 2339 2575 2396 cava

508 2443 800 2515 ignascaS,
836 2443 979 2496 cava
1024 2443 1082 2496 ta
1130 2439 1367 2496 fratrum
1415 2445 1523 2513 pr6
1570 2439 1758 2496 fratris
1801 2439 1988 2497 salfite
2029 2439 2460 2498 obsecrantium
2497 2435 2575 2493 mi·

510 2538 1053 2608 sereat,’—n6nne
1094 2555 1332 2593 omnem
1372 2537 1802 2595 humanitatem
1834 2538 2091 2595 exuissas
2116 2538 2144 2594 Ρ
2229 2537 2461 2610 Quanta
2491 2535 2577 2591 hac
2626 2606 2633 2616 .

500 2633 729 2704 darius
759 2633 922 2709 quod
952 2638 1058 2691 nas
1088 2633 1254 2691 domi
1282 2635 1557 2708 petimuS‚
1589 2634 1652 2692 id
1690 2639 1748 2692 ta
1790 2635 1853 2691 in
1896 2635 2022 2692 fora
2064 2639 2408 2709 oppagnare
2449 2643 2504 2690 et
2535 2631 2577 2686 in

510 2733 611 2789 tali
640 2732 873 2789 miseria
902 2732 1215 2789 multarum
1245 2731 1577 2806 perfugium
1608 2731 2047 2790 misericordiae
2078 2732 2304 2790 tollere.

590 2830 806 2886 Dicam
860 2829 1052 2904 plana,
1100 2830 1336 2901 Caesar,
1385 2829 1547 2905 quod
1603 2831 1811 2888 sentia.
1913 2831 1972 2888 Si
2026 2830 2087 2886 in
2144 2830 2257 2906 hac
2307 2835 2465 2887 tanta
2507 2828 2580 2884 tua

509 2926 744 2984 fortfina
785 2926 991 2984 lanitas
1040 2935 1202 2983 tanta
1258 2932 1380 2983 nan
1435 2937 1606 2998 esset,
1651 2946 1827 3002 quam
1874 2932 1937 2985 ta
1987 2945 2095 3002 per
2138 2932 2215 2997 ta,
2261 2946 2368 3002 per
2406 2932 2477 2996 ta,
2514 2925 2577 2981 in-

509 3041 706 3097 quam,
764 3023 1014 3094 obtinES,
1044 3058 1127 3065 —
1156 3024 1435 3099 intellegc‘)
1479 3024 1622 3100 quid
1669 3025 1892 3100 loquar,
1922 3025 2404 3083 —acerbissima
2449 3023 2578 3080 lacta

509 3119 867 3178 redundaret
895 3121 1007 3178 ista
1033 3121 1299 3179 victaria.
1387 3122 1579 3196 Quam
1605 3123 1773 3180 multi
1802 3124 1960 3181 enim
1982 3133 2179 3180 essent
2202 3123 2282 3181 da
2300 3121 2580 3181 victoribus
2624 3194 2632 3205 ι

597 3263 638 3299 1.
671 3251 1001 3300 invitabat:
1042 3253 1367 3315 encouraged.
1442 3252 1577 3301 Sulla
1601 3253 1702 3300 had
1727 3253 1918 3301 offered
1941 3260 2039 3301 two
2062 3252 2248 3301 talents
2273 3253 2348 3301 for
2371 3253 2455 3302 the
2477 3247 2579 3300 head

509 3326 568 3374 of
594 3342 692 3389 any
719 3343 815 3374 one
839 3327 1152 3391 proscribed.
1175 3356 1243 3364 —
1260 3330 1339 3378 ab
1366 3329 1512 3377 hoc:
1553 3336 1821 3376 seventeen
1848 3345 1991 3390 years
2015 3328 2141 3376 after
2166 3329 2346 3377 Sulla’s
2369 3327 2577 3393 proscrip-

509 3402 658 3461 tions,
674 3404 854 3452 Caesar
879 3420 932 3452 as
955 3405 1212 3468 president
1236 3404 1294 3452 of
1313 3422 1342 3452 a
1368 3412 1507 3453 court
1528 3404 1832 3452 established
1857 3413 1909 3452 to
1935 3413 2009 3466 try
2029 3420 2167 3453 cases
2186 3405 2245 3453 of
2263 3404 2578 3454 assassination

515 3479 600 3542 (de
619 3482 850 3543 sicariis)
873 3482 1083 3530 seeured
1104 3481 1189 3530 the
1217 3481 1502 3528 conviction
1522 3481 1579 3528 of
1599 3481 1787 3529 several
1814 3481 1871 3528 of
1891 3481 2069 3529 Sulla’s
2095 3480 2366 3544 hangmen.
2429 3481 2470 3530 8.
2497 3476 2578 3528 sed

559 3593 572 3605 .
609 3593 621 3605 .
657 3558 1005 3609 attend-{tint
1056 3575 1161 3619 you
1206 3574 1298 3604 are
1344 3558 1562 3604 careless.
1592 3584 1660 3592 —
1683 3558 1804 3605 Res
1848 3593 1858 3605 .
1898 3594 1910 3606 .
1955 3592 1965 3603 .
2005 3562 2286 3618 spectat:
2339 3560 2433 3623 sor
2472 3567 2578 3620 your
2643 3594 2644 3601 ,

509 3633 674 3678 action
712 3632 945 3679 conduces
975 3639 1020 3678 to
1054 3634 1163 3679 this.
1267 3633 1339 3679 16.
1392 3645 1549 3680 voce
1571 3650 1582 3678 z
1631 3632 1727 3679 abl.
1776 3632 1836 3680 of
1878 3634 2180 3696 separation.
2204 3661 2273 3670 —
2290 3635 2478 3683 domi:
2522 3645 2572 3678 sc·

518 3707 765 3752 Caesaris.
846 3718 918 3764 19.
961 3702 1441 3754 obsecrantium:
1504 3708 1793 3772 beseeclzing.
1882 3721 1958 3772 25.
2005 3709 2278 3759 obtines:
2328 3707 2572 3757 maintain·

513 3779 591 3827 26.
625 3779 1023 3828 redundaret:
1082 3780 1253 3825 would
1290 3781 1342 3826 be
1376 3797 1447 3828 an
1484 3782 1755 3830 abundant
1784 3799 1954 3830 source
1987 3785 2051 3848 os}
