2719 4161
406 1326 459 1358 10

408 1816 456 1863 ¹5

405 2304 460 2335 20

406 2997 460 3045 25

514 229 644 295 118
1064 234 1492 293 ORATIONS
1552 235 1659 292 OF
1719 234 2028 293 CICERO

491 419 687 477 -ditam
731 419 878 476 haec
917 419 1153 476 inventa
1196 418 1319 485 sola
1361 417 1422 475 in
1465 423 1581 492 qua
1624 421 1831 475 omn‘e's
1874 423 2156 488 sentirent
2200 421 2384 474 finum
2429 427 2590 492 atque

501 517 682 589 idem,
708 526 942 592 praeter
983 522 1085 573 eos
1115 522 1232 590 qui,
1265 534 1401 573 cum
1443 515 1552 574 sibi
1585 515 1851 574 vidorent
1881 533 2008 572 esse
2041 513 2436 590 pereundum,
2467 533 2589 571 cum
2669 518 2670 555 ἐ

500 616 775 673 omnibus
806 614 1000 690 potius
1030 633 1204 689 quam
1238 615 1346 671 soli
1378 620 1565 689 perire
1596 613 1920 671 voluorunt.

584 716 787 772 Hosce
831 731 943 788 ego
991 712 1260 770 hominos
1308 712 1544 787 excipio
1590 721 1646 770 et
1694 716 1940 770 socerno
1989 711 2258 782 libenter,
2300 728 2500 786 neque
2541 711 2589 768 in

500 812 903 886 improborum
949 810 1165 868 civium
1228 809 1334 867 sed
1380 810 1440 866 in
1482 809 1991 867 acerbissimorum
2038 809 2296 867 hostium
2354 814 2591 866 numero

502 909 809 968 habendos
854 914 1018 982 puto.
1104 909 1303 967 Coteri
1346 912 1507 979 voro,
1555 906 1616 964 di
1660 907 2038 977 immortolos‚
2097 912 2214 982 qua
2258 906 2589 980 frequentia,

499 1013 618 1083 quo
662 1008 876 1077 studio,
905 1013 1020 1081 quo
1062 1007 1274 1064 virtote
1317 1006 1393 1064 ad
1425 1010 1808 1063 commonem
1849 1005 2093 1062 sali-item
2132 1004 2591 1080 dignitatemque

501 1106 915 1163 consentiunt!
999 1104 1159 1178 Quid
1201 1122 1314 1179 ego
1361 1105 1454 1161 hic
1495 1103 1725 1178 equitos
1757 1105 2061 1161 Romanos
2092 1106 2593 1162 commemorem?
2671 1110 2672 1157 ξ

502 1205 619 1277 Qui
639 1204 804 1261 vobis
827 1204 905 1260 ita
932 1220 1220 1260 summam
1247 1201 1471 1259 ordinis
1496 1202 1822 1276 consilique
1852 1201 2189 1259 concodunt
2209 1213 2273 1258 ut
2299 1202 2592 1260 vobiscum
2671 1226 2672 1229 ¹

501 1301 576 1359 do
607 1306 804 1359 amore
837 1307 919 1358 rei
941 1301 1209 1375 poblicae
1235 1310 1464 1357 certent
1487 1320 1503 1370 ;
1547 1305 1698 1374 quos
1727 1318 1800 1356 ex
1832 1300 2146 1357 multorum
2171 1304 2464 1358 annorum
2490 1300 2590 1358 dis·

500 1400 774 1457 sonsione
805 1399 974 1456 bfiius
1003 1398 1224 1456 ordinis
1264 1397 1340 1454 ad
1382 1398 1729 1455 societatem
1760 1397 2263 1472 concordiamque
2296 1404 2593 1456 revocatos

505 1497 820 1555 hodiernus
864 1496 990 1554 dios
1033 1496 1334 1554 vobiscum
1380 1506 1559 1570 atque
1602 1495 1749 1554 haec
1785 1514 1961 1554 causa
1998 1496 2322 1570 coniungit.
2411 1497 2594 1570 Quam

501 1602 546 1653 si
576 1595 1075 1663 conifinctionem,
1108 1594 1166 1650 in
1197 1594 1502 1652 consulito
1535 1592 1948 1652 confirmatam
1980 1599 2135 1664 meo,
2167 1604 2515 1669 perpetuam
2543 1595 2594 1652 in

502 1698 562 1750 ro
609 1693 841 1766 poblica
885 1690 1261 1772 tenuerimuS,
1294 1691 1590 1749 confirmo
1621 1692 1786 1749 vobis
1832 1692 2057 1749 nollum
2097 1692 2347 1766 posthoc
2388 1693 2594 1749 malum
2673 1682 2674 1689 ἵ

501 1792 669 1848 civile
704 1809 773 1846 ac
811 1789 1204 1848 domesticum
1247 1788 1323 1846 ad
1354 1789 1531 1846 ollam
1566 1795 1647 1846 rei
1677 1790 1949 1865 poblicae
1983 1800 2209 1865 partem
2243 1808 2374 1846 esse
2403 1796 2594 1848 vento·

500 1908 646 1946 rum.
736 1890 864 1945 Pari
905 1887 1103 1945 studio
1147 1886 1563 1945 dosendendae
1608 1894 1690 1944 rei
1735 1888 2009 1962 poblicae
2050 1887 2401 1946 convonisse
2430 1888 2598 1946 video

503 1987 765 2045 tribfinos
796 1985 1069 2056 aerarios,
1094 1985 1438 2043 fortissimos
1461 1986 1615 2043 viros
1638 2005 1653 2057 ;
1697 1986 1915 2043 scribas
1944 1985 2086 2042 item
2116 1986 2439 2057 finiversos‚
2459 1991 2600 2061 quos

502 2105 636 2143 cum
668 2090 806 2142 caso
838 2085 931 2141 hic
956 2083 1082 2142 dios
1112 2084 1186 2141 ad
1213 2084 1498 2141 aerorium
1526 2084 1972 2158 frequentasset,
2000 2084 2175 2142 video
2200 2086 2277 2143 ab
2301 2091 2597 2160 exspecta-

503 2184 662 2242 tione
693 2183 861 2240 sortis
890 2181 966 2239 ad
1006 2182 1252 2239 sali-item
1285 2187 1668 2239 commonem
1702 2199 1827 2239 esse
1858 2186 2198 2239 converso&
2278 2181 2489 2240 Omnis
2520 2183 2597 2240 in·
2675 2161 2676 2198 ³

501 2286 828 2357 genuorum
878 2279 1045 2337 adest
1097 2279 1430 2350 multitodo,
1479 2280 1658 2338 etiam
1718 2265 2210 2337 tenuissimorum.
2311 2280 2459 2356 Quis
2518 2290 2600 2337 est

503 2381 661 2436 enim
705 2379 798 2435 cui
844 2383 959 2435 non
1007 2377 1155 2435 haec
1200 2378 1438 2452 templa,
1469 2388 1743 2452 aspectus
1778 2378 1953 2448 urbis,
1985 2378 2600 2452 possessio-libertatis

503 2477 597 2534 lox
628 2476 887 2549 donique
929 2475 1075 2532 haec
1113 2476 1234 2550 ipsa
1270 2487 1329 2533 et
1365 2475 1477 2533 hoc
1509 2480 1829 2533 commone
1866 2476 2090 2550 patriae
2124 2474 2314 2532 solum
2364 2493 2501 2532 cum
2534 2475 2601 2532 sit

502 2579 702 2631 carum
733 2582 855 2631 tum
887 2578 1024 2631 voro
1055 2573 1230 2631 dulce
1259 2582 1438 2646 atque
1467 2572 1833 2630 iocundum?

1011 2748 1150 2793 Even
1180 2748 1271 2793 the
1303 2747 1560 2794 humblest
1590 2747 1802 2794 citizens
1833 2759 1918 2793 are
1948 2748 2100 2807 loyal.

583 2870 756 2927 VIII.
816 2868 1051 2943 Operae
1111 2868 1367 2943 pretium
1425 2879 1531 2940 est,
1577 2873 1770 2943 patros
1827 2873 2163 2942 conscripti,
2207 2867 2603 2926 libertinorum

506 2967 811 3026 hominum
837 2965 1029 3023 studia
1054 2970 1437 3041 cognoscere,
1464 2972 1560 3040 qui
1582 2972 1685 3023 sua
1713 2967 1927 3023 virtfite
1955 2966 2245 3023 fortonam
2271 2966 2439 3024 hoius
2468 2967 2603 3022 civi-

508 3066 640 3125 tatis
669 3069 971 3122 consecoti
1007 3069 1144 3122 voro
1176 3064 1327 3121 banc
1359 3082 1521 3121 suam
1554 3082 1679 3121 esse
1713 3065 1959 3138 patriam
1986 3063 2269 3135 iodicant,
2290 3083 2466 3139 quam
2489 3069 2606 3138 qui-

507 3163 644 3222 dam
677 3163 771 3220 hic
793 3167 931 3232 nati,
952 3173 1010 3220 et
1041 3166 1274 3219 summo
1304 3162 1439 3219 loco
1471 3167 1609 3233 nati,
1641 3166 1758 3219 non
1793 3162 2039 3236 patriam
2072 3179 2237 3219 suam
2268 3161 2374 3219 sed
2405 3162 2609 3219 urbem

508 3261 762 3319 hostium
794 3278 923 3318 esse
959 3260 1388 3318 iodicovorunt.
1476 3259 1590 3318 Sed
1622 3261 1764 3334 quid
1797 3277 1908 3336 ego
1941 3260 2120 3318 hosce
2152 3259 2424 3318 homin‘e's
2454 3258 2608 3317 ordi-

507 3364 731 3434 nosque
780 3364 1185 3416 commemoro
1231 3363 1385 3434 quos
1429 3364 1686 3433 privatae
1738 3359 2025 3429 fortunae,
2074 3362 2223 3432 quos
2281 3357 2614 3416 commonis

409 3483 466 3529 30
510 3463 602 3516 ros
650 3457 905 3532 poblica,
957 3461 1105 3530 quos
1157 3456 1414 3530 donique
1471 3456 1721 3526 libertas,
1775 3474 1845 3513 ea
1900 3474 2051 3530 quae
2109 3455 2447 3514 dulcissima
2501 3465 2612 3524 est,

511 3557 586 3614 ad
620 3556 868 3613 salfitem
912 3556 1134 3629 patriae
1175 3553 1619 3612 dosendendam
1666 3554 1979 3612 excitavit?
2060 3553 2268 3612 Servus
2300 3565 2390 3612 est
2418 3557 2612 3621 nomo,

511 3661 610 3728 qui
644 3653 823 3711 modo
854 3651 1139 3709 tolerabili
1169 3652 1523 3709 condicione
1559 3651 1630 3708 sit
1667 3652 1975 3723 servitotis,
2006 3658 2105 3725 qui
2145 3655 2263 3708 non
2306 3650 2614 3709 audaciam

512 3751 724 3809 civium
757 3748 1179 3826 perhorrescat,
1210 3755 1309 3822 qui
1352 3754 1471 3806 non
1515 3748 1662 3808 haec
1706 3754 1855 3810 stare
1899 3749 2116 3827 cupiat,
2147 3755 2247 3826 qui
2279 3754 2403 3807 non
2430 3765 2615 3827 quan·
