2719 4161
435 877 457 923 5

412 1369 465 1399 10

414 1848 460 1895 15

408 2350 464 2381 20

409 3078 461 3125 25

508 288 650 359 224
1078 281 1503 338 ORATIONS
1565 281 1672 337 OF
1731 280 2038 337 CICERO

502 469 751 538 quorum
804 473 863 521 et
914 464 1306 539 frequentiam
1361 474 1419 521 et
1469 463 1819 538 dignitatem
1872 463 1985 520 hoc
2037 463 2170 538 ipso
2222 464 2283 519 in
2336 466 2569 519 consessu

501 562 732 619 videtis,
834 563 974 619 Non
1026 562 1121 619 ille
1174 561 1358 618 hostis
1410 560 1642 618 induxit
1693 561 1754 617 in
1803 561 2044 631 curiam,
2092 560 2203 617 sed
2254 560 2572 617 iudicavit}

504 660 797 734 plerisque
841 659 1210 734 ignoratione
1258 659 1455 734 potius
1501 669 1562 716 et
1607 659 1752 716 falso
1797 669 1972 732 atque
2019 658 2186 715 inani
2231 662 2396 715 mett]
2435 674 2574 731 quam

504 756 831 831 cupiditate
861 768 960 814 aut
991 757 1340 814 crudelitate
1372 756 1589 814 bellum
1621 773 1747 813 esse
1780 765 2141 830 susceptum.

586 855 723 927 Quo
770 853 1015 929 quidem
1061 855 1120 911 in
1168 854 1323 912 bello
1371 872 1607 929 semper
1652 854 1745 911 de
1779 859 1927 928 pace
1977 853 2350 911 audiendum
2401 857 2577 927 put‘an',
2643 927 2646 952 d

498 970 858 1030 ‘semperque
887 951 1050 1010 dolui
1080 958 1200 1010 non
1233 953 1416 1010 modo
1446 958 1657 1027 pacem
1690 952 1794 1009 sed
1826 952 2004 1008 etiam
2036 952 2376 1008 orationem
2406 950 2578 1006 civium

506 1057 716 1126 pacem
762 1051 1147 1126 flagitantium
1195 1049 1509 1125 repudiari.
1597 1051 1810 1124 Neque
1856 1049 2013 1106 enim
2061 1067 2178 1123 ego
2222 1049 2320 1105 illa
2357 1066 2464 1126 nec
2494 1047 2581 1103 filla

505 1167 786 1222 umquam
832 1153 1067 1205 sect-ltus
1114 1167 1242 1205 sum
1288 1167 1453 1206 arma
1498 1148 1689 1204 civilia
1710 1167 1727 1219 3
1792 1164 2148 1221 semperque
2198 1165 2333 1222 mea
2378 1144 2583 1202 consilia

508 1247 669 1321 pacis
700 1256 757 1303 et
788 1255 962 1320 togae
992 1247 1171 1318 socia,
1203 1251 1323 1303 non
1354 1245 1490 1304 belli
1520 1256 1700 1318 atque
1730 1249 2025 1301 armorum
2059 1243 2315 1302 fuerunt.
2405 1242 2580 1299 Homi-

506 1363 645 1401 nem
696 1362 824 1400 sum
875 1349 1110 1401 seciitus
1160 1348 1388 1419 privato
1435 1343 1702 1414 consilio,
1749 1346 1870 1399 non
1916 1340 2200 1416 public63
2269 1350 2583 1413 tantumque

505 1441 665 1516 apud
712 1446 806 1499 me
848 1447 997 1516 grati
1039 1442 1219 1498 animi
1255 1441 1443 1498 fidelis
1477 1441 1761 1497 memoria
1790 1440 1967 1496 valuit
1999 1450 2063 1496 ut
2094 1438 2255 1496 niilla
2285 1444 2407 1497 non
2438 1436 2585 1494 modo

506 1538 832 1614 cupiditate
875 1539 979 1597 sed
1023 1545 1099 1597 ne
1143 1544 1247 1614 spe
1290 1539 1555 1613 quidem,
1587 1538 1845 1613 prudens
1883 1547 1943 1594 et
1978 1537 2172 1594 scit-ms
2205 1548 2505 1611 tamquam
2528 1534 2586 1590 ad

505 1637 803 1693 interitum
832 1655 1061 1694 ruerem
1094 1637 1502 1694 voluntarium.

587 1733 765 1806 Quod
790 1735 1032 1809 quidem
1065 1753 1258 1791 meum
1291 1734 1598 1791 consilium
1633 1733 1876 1791 minime
1906 1732 2227 1790 obscurum
2259 1732 2387 1789 fuit.
2457 1723 2586 1787 Nam

508 1841 566 1888 et
594 1831 654 1888 in
685 1831 799 1889 hoc
830 1832 1037 1889 ordine
1066 1833 1292 1907 integra
1321 1837 1384 1889 re
1417 1831 1596 1888 multa
1625 1830 1703 1888 de
1742 1836 1888 1905 pace
1928 1829 2049 1887 dixi
2094 1839 2154 1886 et
2188 1830 2250 1886 in
2287 1830 2420 1904 ipso
2462 1826 2586 1885 bello

508 1929 717 1986 eadem
764 1930 939 1987 etiam
985 1949 1121 1986 cum
1164 1930 1373 2004 capitis
1417 1935 1534 1985 mei
1576 1929 1839 2003 periculo
1884 1932 2055 1985 sensi.
2150 1928 2244 1983 Ex
2282 1932 2405 2001 quo
2440 1928 2587 1982 nemo

506 2027 622 2084 iam
668 2028 775 2085 erit
819 2037 940 2085 tam
983 2028 1228 2086 iniustus
1265 2027 1627 2085 existimator
1657 2031 1847 2084 rerum
1880 2032 1979 2100 qui
2010 2024 2245 2083 dubitet
2275 2042 2430 2100 quae
2460 2023 2580 2082 Cae·

506 2126 645 2182 saris
674 2126 750 2183 de
781 2126 935 2183 bello
964 2127 1229 2183 voluntas
1260 2126 1447 2196 fuerit,
1479 2144 1614 2182 cum
1650 2125 1813 2199 pacis
1856 2127 2128 2181 auctores
2171 2120 2584 2180 conservandos

506 2224 702 2280 statim
745 2225 1055 2295 censuerit,
1087 2229 1298 2281 ceteris
1342 2223 1515 2281 fuerit
1553 2223 1773 2280 iratior.
1856 2224 2052 2296 Atque
2083 2220 2146 2278 id
2176 2222 2372 2279 minus
2403 2227 2585 2278 mirum

507 2321 751 2378 fortasse
792 2331 916 2378 tum
949 2340 1084 2379 cum
1115 2333 1266 2379 esset
1296 2322 1550 2378 incertus
1582 2321 1770 2377 exitus
1801 2330 1859 2377 et
1896 2337 2117 2394 anceps
2154 2319 2394 2377 fortuna
2437 2317 2556 2377 belli
2573 2335 2585 2386 ς

506 2425 606 2493 qui
648 2424 786 2476 vero
828 2413 1014 2477 victor
1056 2420 1218 2494 pacis
1263 2424 1532 2477 auctores
1575 2418 1780 2493 diligit,
1826 2417 1875 2475 is
1927 2418 2203 2492 profecto
2249 2414 2506 2476 declarat
2541 2418 2589 2471 se

506 2517 777 2574 maluisse
806 2522 925 2574 non
956 2518 1235 2575 dimicare
1265 2535 1444 2592 quam
1473 2518 1730 2574 vincere.

582 2686 741 2746 Many
771 2687 901 2732 have
933 2687 1165 2744 perished
1195 2689 1264 2748 by
1293 2690 1384 2735 the
1415 2691 1635 2737 violence
1667 2691 1718 2738 of
1748 2704 1872 2748 war,
1905 2704 2028 2739 none
2061 2694 2131 2752 by
2161 2694 2253 2739 the
2284 2694 2455 2740 wrath
2483 2688 2528 2737 of

840 2761 1056 2820 victory.
1121 2762 1301 2809 Would
1332 2765 1557 2825 Pompey
1588 2767 1717 2812 have
1747 2767 1870 2812 been
1902 2779 1962 2813 as
1994 2779 2241 2826 genereus
2257 2767 2286 2814 ’ἒ

584 2872 689 2928 VI.
748 2873 944 2945 Atque
975 2873 1152 2954 huius
1173 2873 1416 2947 quidem
1449 2882 1531 2932 rei
1565 2877 1651 2933 M.
1679 2877 1963 2935 Marcello
1990 2896 2117 2934 sum
2148 2878 2331 2935 testis,
2413 2877 2589 2933 Nostri

507 2969 667 3025 enim
697 2973 898 3026 sensus
929 2982 990 3026 ut
1021 2971 1080 3027 in
1110 2976 1257 3045 pace
1290 2990 1541 3047 semper,
1572 2980 1653 3030 sic
1684 2984 1806 3031 tum
1840 2975 2018 3032 etiam
2049 2975 2109 3032 in
2139 2976 2300 3033 bello
2329 2975 2588 3049 congrue·

507 3067 666 3124 bant.
772 3067 1062 3138 Quotiens
1112 3087 1224 3143 ego
1276 3089 1411 3127 eum
1468 3081 1525 3129 et
1576 3077 1798 3146 quanto
1850 3092 1986 3130 cum
2043 3073 2247 3130 dolore
2300 3072 2421 3129 vidi
2475 3085 2590 3128 cum

589 3228 636 3275 9.
671 3214 1024 3265 Hominem:
1067 3217 1145 3266 i.e.
1176 3220 1413 3283 Pompey,
1431 3220 1517 3268 the
1544 3237 1676 3278 man,
1703 3228 1791 3269 not
1808 3220 1885 3269 his
1910 3237 2075 3269 cause.
2165 3234 2239 3269 11.
2281 3225 2352 3270 ut
2380 3259 2390 3268 .
2418 3259 2428 3269 .
2454 3258 2465 3269 .
2487 3217 2587 3280 qui-

507 3291 672 3339 dem:
727 3292 836 3337 tlzat
870 3301 958 3340 not
991 3295 1109 3355 only
1144 3296 1354 3344 without
1389 3313 1494 3359 any
1530 3298 1649 3360 hope
1686 3299 1749 3362 os
1781 3298 2028 3361 personal
2059 3298 2341 3362 advantage
2375 3298 2461 3345 but
2490 3308 2588 3343 even

506 3367 719 3414 without
751 3368 871 3429 hope
907 3370 969 3433 qs
995 3385 1189 3420 success,
1265 3386 1338 3420 12.
1392 3374 1659 3433 prudens
1694 3378 1757 3422 et
1790 3375 2022 3424 sciens:
2066 3375 2207 3438 fully
2242 3390 2418 3422 aware
2450 3373 2508 3437 (gf
2529 3369 2590 3415 the

506 3459 865 3506 consequences.
916 3445 1026 3493 The
1051 3447 1285 3510 sincerity
1303 3449 1361 3496 os
1378 3448 1479 3497 this
1503 3457 1769 3498 statement
1795 3451 1835 3497 is
1859 3450 2074 3497 attested
2097 3450 2162 3512 by
2179 3450 2398 3498 Cicero’s
2424 3448 2585 3512 private

506 3520 961 3582 correspondenee.
1047 3535 1118 3586 15.
1154 3524 1387 3586 integra
1420 3538 1511 3573 re:
1553 3526 1632 3574 i.e.
1666 3527 1839 3573 before
1874 3525 1960 3573 the
1995 3540 2112 3573 war.
2201 3526 2273 3573 16.
2310 3522 2582 3586 periculo:

506 3594 654 3642 when
691 3596 868 3642 Cicero
904 3596 1101 3643 refused
1136 3604 1189 3644 to
1225 3600 1343 3645 take
1381 3602 1650 3648 command
1687 3601 1744 3647 of
1771 3601 1858 3648 the
1884 3601 2162 3663 Pompeian
2190 3601 2351 3648 forces
2375 3600 2496 3647 after
2515 3595 2583 3644 the

506 3667 662 3714 battle
700 3667 758 3714 of
802 3668 1077 3724 PharsaluS,
1118 3670 1381 3733 Pompey's
1417 3688 1508 3720 son
1546 3674 1839 3721 threatened
1887 3674 1965 3722 his
2006 3674 2108 3731 life,
2147 3675 2248 3722 and
2282 3674 2447 3722 would
2478 3673 2582 3720 have

509 3741 822 3803 despatched
847 3742 950 3788 him
976 3741 1074 3789 had
1100 3750 1185 3791 not
1210 3745 1335 3792 Cato
1361 3747 1646 3796 interfered.
1719 3762 1795 3811 23.
1837 3750 2057 3798 Nostri
2092 3762 2307 3800 sensus
2332 3757 2582 3813 congrue·

508 3817 686 3863 bant:
737 3831 835 3863 our
858 3817 1092 3878 opinions
1116 3834 1244 3866 were
1271 3820 1348 3867 the
1376 3836 1523 3870 same.
