2719 4161
524 240 654 304 182
1095 246 1548 308 ORATIONS‘
1586 247 1694 304 OF
1752 247 2060 304 CICERO

569 426 674 472 The
704 427 829 473 time
852 426 1037 474 chonen
1064 425 1144 474 for
1168 428 1258 474 the
1286 427 1493 475 aauult
1521 427 1569 474 ie
1595 428 1806 474 another
1840 426 1982 486 proof
2007 426 2059 474 of
2081 427 2235 474 Milo‘s
2261 428 2529 473 innocente.

590 538 750 595 XIX.
811 540 957 613 Age,
1001 538 1075 595 sit
1117 538 1200 595 ita
1245 537 1487 595 factum.
1600 537 1770 610 Quae
1815 556 1992 595 causa
2034 542 2134 595 εἴη
2172 539 2427 595 Romam
2466 554 2572 610 pro·

510 641 763 709 peraret,
795 640 898 691 cur
929 636 987 692 in
1016 646 1259 692 noctem
1297 638 1363 692 se
1398 634 1744 692 coniceret?
1829 634 2064 710 Ecquid
2106 634 2407 691 adfercbat
2448 633 2574 690 festi·

510 732 763 789 nationis
796 732 962 806 quod
1004 733 1172 790 he‘tre‘ts
1215 733 1385 790 erat?
1488 733 1767 803 Primum,
1800 744 1926 790 erat
1966 732 2109 789 nihil
2148 736 2246 789 cfir
2282 735 2579 806 properato

508 847 657 910 opus
701 840 853 887 esset
875 850 892 901 3
935 830 1174 901 deinde,
1206 836 1253 887 si
1293 830 1439 904 quid
1486 841 1657 902 esset,
1701 829 1844 904 quid
1889 829 2131 887 tandem
2171 839 2285 887 erat
2329 828 2492 903 quod
2531 831 2582 884 ei

508 939 684 984 nocte
742 932 1028 1002 consequi
1076 938 1300 1002 posset,
1345 928 1645 985 amitteret
1691 937 1890 985 autem
1933 934 1984 985 si
2024 928 2295 1003 postridie
2351 927 2584 983 Romam

508 1031 681 1082 mane
722 1025 1017 1083 venisset?
1096 1027 1292 1100 Atque
1342 1035 1409 1083 ut
1464 1025 1547 1082 illi
1594 1036 1916 1083 nocturnus
1959 1024 2037 1083 ad
2079 1026 2276 1083 urbem
2315 1023 2586 1081 adventus

506 1121 776 1180 vitandus
805 1124 999 1198 potius
1029 1141 1208 1198 quam
1231 1122 1603 1198 expetendus
1633 1123 1756 1194 fuit,
1778 1130 1862 1180 sic
1891 1124 2124 1193 Miloni,
2148 1141 2276 1180 cum
2300 1121 2588 1178 insidiator

507 1231 678 1291 esset,
705 1227 753 1278 si
781 1221 941 1278 illum
971 1219 1048 1278 ad
1077 1221 1283 1278 urbem
1312 1232 1491 1279 nocte
1520 1226 1894 1278 accessurum
1925 1221 2169 1292 sciebat,
2188 1217 2586 1278 subsidendum

506 1328 681 1392 atque
739 1317 1206 1393 exspectandum
1252 1317 1379 1376 fuit.
1465 1319 1664 1376 Nemo
1706 1325 1763 1375 ei
1804 1324 2044 1393 neganti
2087 1323 2207 1375 non
2247 1315 2588 1384 credidisset,

405 1440 465 1472 ιο
506 1433 682 1488 quem
734 1434 863 1474 esse
912 1420 1122 1473 omnes
1172 1415 1395 1473 salvum
1440 1416 1619 1473 etiam
1675 1416 2063 1473 confitentem
2109 1415 2330 1473 volunt.
2436 1412 2590 1471 Susti-

403 1923 457 1970 13

400 2416 460 2447 20

395 2897 453 2945 25

398 3386 455 3432 30

505 1513 727 1570 nuisset
776 1513 891 1571 hoc
947 1520 1172 1570 crimen
1227 1520 1485 1588 primum
1526 1513 1652 1588 ipse
1702 1513 1799 1570 ille
1849 1513 2142 1571 latronum
2188 1511 2511 1571 occultator
2545 1520 2591 1565 et

502 1620 778 1684 receptor
803 1611 986 1681 locuS,
1006 1628 1140 1667 cum
1169 1628 1364 1684 neque
1389 1615 1552 1668 muta
1580 1609 1838 1668 solitudo
1865 1610 2186 1668 indicasset
2213 1628 2403 1685 neque
2435 1625 2592 1666 caeca
2667 1601 2669 1608 '

500 1726 622 1765 nox
678 1707 1034 1765 ostendisset
1083 1709 1375 1766 Milonem
1396 1729 1414 1780 3
1486 1708 1707 1766 deinde
1763 1708 1845 1765 ibi
1903 1709 2072 1765 multi
2129 1708 2205 1765 ab
2257 1708 2352 1765 illo
2394 1706 2589 1773 violati,
2667 1771 2669 1776 Ι

498 1806 754 1879 spoliati,
785 1806 956 1863 bonis
976 1806 1219 1880 expulsi,
1248 1806 1420 1863 multi
1448 1805 1597 1863 haec
1621 1806 1798 1863 etiam
1830 1805 2110 1864 timentes
2131 1806 2195 1862 in
2218 1804 2590 1880 suspicionem

501 1903 803 1973 caderent,
829 1907 953 1959 tota
973 1902 1231 1976 dEnique
1253 1921 1353 1959 rea
1378 1903 1655 1961 citaretur
1679 1903 1929 1960 Etriiria.
1994 1904 2179 1977 Atqui
2216 1903 2318 1961 illo
2340 1902 2436 1960 die
2453 1904 2590 1958 certe

502 2003 698 2058 Aricia
737 2000 972 2058 rediens
1016 2000 1269 2057 devertit
1313 2001 1559 2058 Clodius
1602 2000 1678 2057 ad
1721 2001 2033 2058 Albanum.
2121 2000 2307 2073 Quod
2341 2010 2401 2058 ut
2440 2005 2592 2056 sciret

498 2099 653 2157 Milo
695 2100 858 2157 illum
894 2099 1122 2156 Ariciae
1154 2099 1350 2171 fuisse,
1383 2100 1669 2174 suspicari
1698 2108 1899 2157 tamen
1927 2098 2139 2158 debuit
2170 2118 2330 2171 eum,
2360 2099 2530 2156 etiam
2552 2100 2590 2152 si

498 2198 758 2254 Romam
810 2195 908 2254 sslo
957 2195 1056 2254 die
1104 2202 1318 2253 reverti
1371 2196 1567 2266 vellet,
1626 2195 1703 2253 ad
1753 2196 1948 2254 villam
2006 2215 2193 2268 suam,
2250 2215 2405 2271 quae
2459 2195 2591 2253 viam

497 2304 787 2368 tangeret,
835 2292 1235 2351 deversurum.
1350 2294 1474 2352 Cfir
1517 2312 1710 2368 neque
1758 2304 1896 2351 ante
1942 2295 2222 2366 occurrit,
2271 2300 2351 2352 ne
2403 2294 2496 2351 ille
2541 2291 2591 2347 in

493 2393 634 2450 villa
663 2391 962 2463 resideret,
993 2409 1105 2448 nec
1131 2396 1205 2448 εδ
1236 2391 1298 2447 in
1335 2391 1471 2448 loco
1504 2390 1771 2449 subsedit
1808 2397 1928 2466 quo
1972 2392 2068 2449 ille
2111 2397 2299 2450 nocti-1
2342 2394 2593 2451 venturus

498 2490 697 2547 esset?

580 2586 775 2644 Videc‘)
824 2584 1018 2643 adhuc
1077 2590 1368 2658 constare,
1413 2586 1659 2658 iiidice's,
1704 2587 1942 2646 omnia:
1990 2588 2207 2646 Miloni
2249 2590 2435 2648 etiam
2474 2585 2593 2645 iitile

502 2685 675 2742 fuisse
706 2683 985 2743 Clodium
1013 2691 1227 2755 vivere,
1262 2684 1343 2742 illi
1372 2684 1450 2743 ad
1481 2705 1552 2743 ea
1580 2703 1732 2760 quae
1762 2685 2148 2761 concupierat
2177 2687 2590 2760 optatissimum

500 2783 803 2840 interitum
846 2782 1087 2838 Milonis
1109 2802 1125 2853 3
1179 2782 1383 2840 odium
1428 2782 1603 2840 fuisse
1645 2784 1796 2842 illius
1837 2784 1901 2841 in
1942 2784 2101 2841 hunc
2144 2785 2593 2851 acerbissimum,

499 2881 718 2938 nullum
765 2880 933 2936 hiiius
978 2880 1039 2936 in
1081 2879 1242 2936 illum
1266 2901 1282 2952 3
1328 2881 1818 2938 consuetudinem
1863 2881 2015 2939 illius
2057 2894 2437 2957 perpetuamv
2462 2885 2516 2939 in
2548 2883 2592 2935 vi

495 2978 822 3047 inserenda,
855 2977 1022 3035 huius
1052 2974 1279 3034 tantum
1299 2977 1361 3034 in
1389 2979 1732 3053 repellenda
1753 2999 1768 3050 ;
1802 2988 2055 3037 mortem
2080 2979 2158 3037 ab
2176 2980 2277 3037 illo
2301 2979 2592 3038 dent-inti}-

496 3087 619 3134 tam
667 3075 878 3132 Miloni
923 3084 984 3132 et
1027 3075 1396 3149 praedictam
1441 3076 1655 3150 palam,
1703 3076 1847 3133 nihil
1892 3094 2173 3151 umquam
2223 3077 2499 3135 auditum
2535 3094 2591 3133 ex

494 3174 764 3244 Milone3
811 3172 1191 3246 profectionis
1235 3173 1404 3230 huius
1444 3173 1604 3230 diem
1638 3173 1721 3230 illi
1759 3179 1983 3245 notum,
2017 3174 2245 3232 reditus
2286 3176 2444 3235 illius
2479 3174 2591 3234 huic

491 3275 762 3346 ignotum
821 3269 1033 3341 fuisse3
1110 3270 1280 3328 huius
1336 3270 1450 3328 iter
1504 3272 1919 3344 necessarium,
1965 3273 2116 3330 illius
2174 3273 2359 3330 etiam
2417 3275 2590 3348 potius
2665 3256 2666 3259 Ἴ

493 3369 750 3426 alienum
775 3388 791 3439 3
837 3367 992 3424 hunc
1022 3385 1162 3442 prae
1193 3373 1257 3425 s'e
1286 3368 1486 3426 tulisse
1517 3369 1617 3425 illo
1647 3368 1745 3427 die
1776 3371 1971 3428 Roma
1999 3371 2312 3442 exiturum,
2344 3371 2510 3429 illum
2537 3375 2588 3427 e?

497 3466 596 3524 die
640 3471 700 3523 se
744 3465 1139 3522 dissimulasse
1172 3464 1496 3522 reditiirum
1519 3487 1535 3537 3
1581 3465 1738 3523 hunc
1771 3466 1979 3524 niillius
2010 3473 2094 3524 rei
2124 3471 2389 3526 mutasse
2419 3467 2590 3527 consi-

496 3566 657 3634 lium,
681 3564 841 3620 illum
867 3580 1103 3618 causam
1131 3561 1399 3619 mutandi
1422 3563 1630 3620 consili
1655 3563 1888 3621 finxisse
1912 3584 1927 3634 ;
1959 3562 2115 3633 huie,
2142 3571 2192 3622 si
2212 3565 2590 3633 insidiaretur,

495 3673 736 3721 noctem
767 3677 955 3735 prope
978 3659 1184 3716 urbem
1210 3659 1687 3733 exspectandam,
1718 3661 1815 3732 illi,
1841 3661 2017 3718 etiam
2049 3667 2097 3718 si
2116 3660 2278 3718 hunc
2302 3651 2425 3720 non
2448 3665 2590 3720 time-

497 3771 606 3833 ret,
637 3769 837 3816 tamen
880 3774 1185 3814 accessum
1226 3755 1302 3813 ad
1343 3755 1549 3814 urbem
1594 3767 1946 3814 nocturnum
1982 3756 2158 3815 fuisse
2196 3760 2588 3818 metuendum.
