2719 4161
815 262 971 322 PRo
1036 261 1488 319 MARCELLO
2077 268 2218 341 227

126 446 255 505 dem
288 447 366 505 de
408 452 467 505 te
510 446 638 504 dies
680 452 1009 520 noctisque,
1040 454 1103 501 ut
1147 444 1362 514 d‘e'be6,
1392 444 1660 520 cogitans
1702 448 1870 502 casus
1915 444 2221 503 dumtaxat

126 546 403 602 humanos
448 555 506 601 et
551 544 810 600 incertos
853 547 1096 600 eventus
1131 541 1483 600 valetfidinis
1518 553 1577 600 et
1613 547 1856 600 naturae
1885 543 2220 600 communis

125 642 486 718 fragilitatem
532 641 896 710 extimesc63
955 638 1270 714 doleoque,
1304 658 1439 696 cum
1485 644 1576 697 res
1613 639 1850 714 publica
1877 640 2222 698 immortalis

125 758 241 797 esse
283 740 521 810 d‘ebeat,
553 756 684 795 eam
730 739 789 794 in
834 742 1004 795 unius
1049 736 1308 794 mortalis
1345 737 1541 794 anima
1571 737 1908 795 consistere.
1995 738 2054 796 Si
2084 743 2222 796 νὲτὸ

125 836 195 895 ad
222 837 510 894 humanos
542 840 710 893 casus
742 836 1116 909 incertosque
1148 838 1342 892 motus
1378 834 1728 893 valetudinis
1763 834 2000 892 sceleris
2044 835 2223 893 etiam

126 935 345 992 accedit
386 933 852 1007 insidiarumque
895 932 1225 1002 consensio,
1258 948 1440 1006 quern
1482 932 1682 1003 deum,
1713 938 1762 989 si
1799 932 2018 1008 cupiat,
2049 951 2222 1008 posse

126 1032 384 1107 opitulari
414 1038 500 1089 rei
530 1030 802 1106 publicae
832 1029 1186 1087 credamus?

166 1209 228 1255 So
254 1206 336 1253 far
363 1207 498 1254 from
530 1207 719 1266 having
751 1206 1031 1265 completed
1061 1218 1188 1266 your
1218 1208 1453 1266 greatest
1482 1208 1639 1265 work,
1671 1219 1772 1269 you
1803 1209 1934 1255 have
1965 1210 2054 1256 not
2081 1211 2177 1269 yet

873 1280 976 1327 laid
1006 1282 1095 1327 the
1124 1279 1466 1328 foundation.

195 1395 361 1451 VIII.
423 1392 645 1451 Omnia
674 1402 808 1450 sunt
839 1392 1151 1451 excitanda
1181 1393 1306 1463 tibi,
1340 1393 1410 1451 C.
1436 1393 1671 1463 Caesar,
1703 1398 1824 1466 ἰῑῐιῑ,
1848 1412 1999 1468 quae
2032 1395 2223 1453 iacere

129 1497 290 1549 sentis
333 1491 473 1549 belli
534 1490 711 1565 ipsius
768 1490 1014 1564 impetii,
1059 1490 1221 1564 quod
1279 1508 1523 1548 necesse
1570 1491 1693 1561 fuit,
1738 1491 2006 1566 perculsa
2046 1503 2223 1566 atque

128 1593 438 1663 prostrata:
501 1587 919 1645 constituenda
962 1587 1197 1658 iudicia,
1246 1588 1581 1646 revocanda
1623 1588 1790 1661 fides,
1828 1590 2221 1664 comprimen-

129 1685 229 1742 dae
269 1685 565 1756 libidines,
613 1684 997 1759 propaganda
1043 1685 1315 1757 suboles;
1389 1686 1588 1743 omnia
1638 1703 1790 1760 quae
1840 1686 2067 1762 dilapsa
2109 1688 2223 1744 iam

128 1782 490 1841 diffluxerunt
539 1788 752 1840 severis
806 1782 1031 1857 legibus
1079 1782 1395 1841 vincienda
1452 1793 1603 1841 sunt.
1706 1784 1844 1841 Non
1903 1784 2010 1842 fuit
2058 1790 2224 1842 recu-

128 1884 358 1942 sandum
406 1885 469 1940 in
512 1888 678 1940 tanto
723 1881 877 1940 civili
921 1881 1095 1952 bello,
1131 1887 1298 1939 tanto
1341 1881 1674 1939 animorum
1706 1881 1917 1939 ardore
1947 1892 2005 1939 et
2035 1887 2221 1940 armo-

129 1999 239 2038 rum
274 1989 418 2056 quin
455 1986 728 2055 quassata
765 1985 856 2038 res
898 1979 1152 2056 publica,
1178 1987 1537 2054 quicumque
1568 1978 1706 2037 belli
1735 1984 1977 2037 'e‘ventus
2007 1980 2225 2051 fuisset,

130 2082 296 2138 multa
337 2079 621 2156 perderet
664 2089 724 2136 et
765 2085 1113 2137 ornamenta
1166 2077 1467 2154 dignitatis
1512 2088 1571 2135 et
1613 2077 1905 2153 praesidia
1947 2077 2225 2137 stabilita-

133 2179 193 2236 tis
238 2198 417 2251 suae3
478 2178 778 2252 multaque
821 2189 1068 2252 uterque
1117 2176 1237 2233 dux
1295 2176 1514 2233 faceret
1560 2182 1815 2234 armatus
1863 2193 2014 2251 quae
2063 2176 2225 2235 idern

132 2282 345 2352 togatus
402 2277 533 2334 fieri
588 2274 998 2350 prohibuisset.
1113 2274 1281 2346 Quae
1338 2273 1582 2348 quidem
1640 2273 1748 2332 tibi
1814 2292 1970 2331 nunc
2028 2276 2228 2331 omnia

131 2373 252 2432 belli
289 2375 536 2432 vulnera
577 2373 841 2431 sananda
898 2383 1050 2442 sunt,
1095 2372 1306 2446 quibus
1366 2381 1600 2446 praeter
1658 2376 1718 2429 te
1767 2371 1995 2429 mederi
2051 2377 2228 2430 nemo

134 2481 330 2546 potest.

164 2602 165 2605 ¹
203 2571 405 2646 Itaque
438 2570 597 2629 illam
631 2577 791 2626 tuam
821 2567 1345 2644 praeclarissimam
1385 2577 1444 2625 et
1489 2566 1982 2642 sapientissimam
2018 2572 2227 2626 vocem

134 2665 324 2726 invitus
353 2667 591 2725 audivi:
648 2672 682 2698 “
705 2667 854 2724 Satis
885 2666 986 2724 disi
1017 2666 1108 2723 vel
1138 2669 1383 2723 naturae
1413 2671 1529 2722 vixi
1562 2664 1656 2722 vel
1699 2665 1975 2739 gloriae.’'
2061 2666 2230 2737 Satis,

136 2770 176 2820 si
212 2764 287 2822 ita
326 2773 433 2836 viS‚
476 2765 717 2823 fortasse
762 2768 1025 2835 naturae,
1056 2763 1218 2821 addo
1262 2763 1462 2834 etiarn,
1496 2768 1544 2819 si
1586 2763 1800 2836 placet,
1838 2763 2056 2837 gloriae
2078 2784 2094 2835 3
2153 2774 2231 2835 at,

137 2863 279 2936 quod
310 2863 634 2922 maximum
664 2871 771 2933 est,
804 2861 1028 2936 patriae
1058 2865 1219 2919 certe
1251 2878 1475 2935 parum.
1563 2861 1698 2933 Qua
1720 2865 1784 2919 re
1806 2861 2014 2918 omitte
2039 2861 2230 2932 istam,

212 3036 249 3072 1.
292 3024 646 3073 dumtaxat:
688 3023 883 3086 mereht.
971 3020 1016 3071 6.
1058 3022 1136 3070 εἰς
1177 3021 1255 3070 i.e.
1280 3022 1433 3069 etiam
1458 3021 1518 3069 si.
1609 3032 1652 3084 7.
1695 3021 2007 3080 opitulari:
2048 3038 2232 3071 succor.

144 3109 205 3146 11.
243 3101 520 3150 suboles:
573 3107 624 3147 to
660 3098 820 3147 check
854 3098 942 3146 the
984 3098 1227 3160 alarming
1274 3099 1508 3145 decrease
1548 3097 1607 3145 of
1646 3097 1732 3146 the
1772 3098 1872 3145 free
1920 3098 2231 3161 population‚

140 3173 301 3223 Caesar
339 3176 548 3224 forbade
590 3191 708 3223 men
747 3175 804 3222 of
844 3174 1204 3236 marriageable
1241 3189 1333 3236 age
1372 3181 1423 3221 to
1458 3173 1521 3221 be
1558 3174 1734 3221 absent
1775 3173 1900 3221 from
1933 3174 2060 3237 Italy
2093 3191 2231 3223 more

142 3249 247 3298 than
277 3252 419 3300 three
468 3252 788 3300 consecutive
823 3266 982 3313 years,
1019 3251 1120 3298 and
1155 3250 1344 3297 offered
1383 3250 1571 3298 certain
1607 3249 1873 3312 privileges
1908 3252 2008 3298 and
2046 3251 2232 3299 emolu-

142 3335 285 3375 ments
322 3335 375 3377 to
413 3327 601 3377 fathers
632 3327 691 3375 of
719 3327 855 3389 large
894 3326 1420 3375 families.-omn1a
1446 3362 1456 3374 .
1484 3362 1495 3374 .
1522 3362 1534 3374 .
1553 3326 1872 3375 vincienda
1901 3330 2068 3375 sunt:
2110 3327 2234 3375 little

144 3401 246 3450 time
268 3420 366 3452 was
390 3405 540 3466 given
566 3404 749 3452 Caesar
773 3410 827 3451 to
853 3419 992 3466 carry
1016 3409 1100 3450 out
1134 3401 1212 3449 his
1253 3402 1476 3450 reforms.
1561 3401 1670 3449 Still
1701 3417 1731 3449 a
1768 3402 1903 3464 large
1936 3403 2146 3451 number
2170 3404 2227 3451 of

144 3478 242 3526 wise
276 3480 393 3528 laws
429 3481 551 3528 bear
589 3479 856 3542 testimony
893 3486 946 3527 to
987 3478 1075 3526 the
1114 3478 1390 3539 unceasing
1427 3478 1628 3539 activity
1669 3478 1725 3525 of
1770 3480 1972 3527 Rome’s
2018 3488 2233 3541 greatest

146 3554 330 3604 citizen:
365 3572 458 3618 e.g.
480 3556 567 3604 the
594 3557 676 3603 lex
699 3556 842 3603 Iulia
871 3555 1158 3603 iudiciaria
1192 3554 1564 3615 (constituenda
1603 3553 1849 3616 iudicia),
1875 3556 1957 3603 lex
1993 3557 2135 3603 lulia
2174 3558 2235 3605 de

146 3631 342 3692 faenore
383 3632 693 3695 (revocanda
724 3630 906 3696 fides),
954 3631 1034 3679 lex
1079 3632 1223 3678 Iulia
1264 3631 1596 3693 sumptuaria
1639 3629 2071 3693 (comprimendae
2118 3632 2232 3679 libi·

147 3705 316 3770 dines).
390 3722 464 3756 12.
502 3707 920 3756 diffluxerunt:
962 3723 1069 3754 run
1093 3706 1232 3763 wz'ld,
1257 3706 1441 3752 become
1474 3705 1814 3753 lam—Non
1839 3741 1849 3752 .
1877 3741 1889 3754 .
1917 3741 1927 3753 .
1954 3718 2232 3755 recusan-

149 3780 296 3831 dum:
336 3785 379 3832 it
408 3785 556 3833 could
585 3791 672 3832 not
703 3784 753 3831 be
787 3783 1008 3831 avoided.

2271 1616 2324 1646 10

2273 2095 2320 2142 Ῐ5

2272 2595 2329 2626 20
