2719 4161
436 1279 490 1310 10

434 1761 485 1810 Ῑ5

429 2267 487 2299 20

429 3051 482 3098 25

433 3551 486 3595 30

544 189 681 274 184
1108 198 1536 256 ORATIONS
1597 201 1702 256 OF
1761 200 2067 258 CICERO

532 380 591 437 in
636 381 954 455 imparatos
998 381 1260 452 Clodius,
1308 391 1507 438 tamen
1560 382 1768 441 mulier
1815 383 2107 442 inciderat
2149 386 2209 443 in
2247 387 2421 460 viros.
2493 387 2584 443 Nec

532 483 669 535 v'e‘ro
712 485 794 535 sic
837 489 959 535 erat
1003 496 1282 552 umquam
1330 484 1450 536 non
1493 485 1724 553 paratus
1771 482 1919 538 Milo
1961 488 2171 540 contra
2212 483 2377 540 illurn
2417 489 2587 541 utnon

532 576 670 632 satis
727 575 846 633 fero
897 585 1052 633 esset
1111 581 1365 649 para-itus,
1454 577 1700 651 Semper
1757 589 1815 635 et
1871 589 2162 652 quantum
2219 582 2511 639 interesset
2547 583 2588 637 P.

532 672 706 730 Clodi
763 677 826 730 so
882 679 1074 747 perire
1131 682 1188 728 et
1245 677 1467 746 quanto
1528 673 1606 730 illi
1669 674 1812 732 odio
1876 687 2029 734 esset
2087 689 2147 735 et
2203 688 2482 753 quantum
2527 679 2591 734 ille

532 768 774 826 audoret
804 769 1122 844 cogitobat.
1208 769 1407 842 Quam
1439 770 1517 827 ob
1553 788 1681 828 rem
1719 777 1901 828 vitam
1936 790 2120 842 suam,
2153 790 2335 846 quam
2379 773 2595 828 maiximis

532 869 805 941 praemiis
842 868 1206 942 propositam
1246 878 1302 924 et
1344 885 1537 941 paene
1584 867 1887 924 addictam
1935 869 2179 939 sciobat,
2215 887 2527 943 numquam
2558 870 2597 925 in

532 965 855 1039 periculum
903 966 1026 1022 sine
1075 964 1371 1039 praesidio
1418 975 1478 1021 et
1523 964 1650 1022 sine
1697 965 1968 1022 custodio
2017 967 2371 1039 proiciobat.
2466 966 2597 1022 Adde

532 1067 718 1134 εἰςῦε,
747 1062 905 1120 adde
947 1063 1200 1120 incertos
1246 1063 1433 1119 exiti-is
1469 1066 1799 1137 pognzirum
1835 1064 2211 1137 Mortemque
2242 1069 2600 1132 commonem,

531 1167 632 1234 qui
674 1179 850 1235 saepe
895 1162 1248 1235 spoliantem
1280 1161 1397 1218 iam
1428 1172 1488 1218 et
1520 1162 1909 1218 exsultantem
1939 1162 2152 1219 overtit
2181 1171 2241 1218 et
2277 1163 2518 1236 perculit
2551 1162 2602 1217 ab

531 1258 804 1330 abiecto3
847 1259 1004 1317 adde
1040 1259 1334 1317 inscitiam
1372 1264 1586 1333 pransi,
1624 1265 1768 1334 poti,
1800 1259 2107 1317 oscitantis
2143 1259 2332 1332 ducis,
2371 1266 2470 1335 qui
2501 1278 2603 1315 cum

532 1362 567 1413 εἶ
594 1362 758 1431 tergo
802 1358 1033 1415 hostem
1077 1359 1458 1416 intercliisum
1503 1350 1849 1433 reliquisset,
1884 1358 2029 1416 nihil
2074 1359 2153 1416 do
2197 1358 2323 1416 oius
2372 1363 2605 1416 extromis

531 1455 843 1513 comitibus
899 1456 1193 1530 cogitavit,
1256 1456 1315 1512 in
1372 1461 1522 1530 quos
1579 1457 1852 1514 inconsos
1905 1461 1994 1513 ira
2054 1463 2360 1531 vitamque
2419 1456 2608 1513 domini

530 1551 895 1626 dosporantis
934 1572 1071 1610 cum
1108 1554 1428 1625 incidisset,
1462 1554 1648 1612 haesit
1683 1555 1745 1611 in
1775 1554 1843 1612 iis
1872 1561 2082 1628 poenis
2113 1560 2259 1629 quas
2289 1556 2367 1613 ab
2399 1560 2470 1613 eo
2495 1558 2609 1610 seni

530 1650 733 1708 fidolos
764 1657 872 1725 pro
902 1650 1129 1708 domini
1159 1658 1275 1709 vito
1306 1657 1731 1726 expetivorunt.

610 1749 733 1806 Cor
761 1749 933 1822 igitur
957 1755 1058 1807 eos
1089 1755 1267 1806 mano
1299 1750 1497 1806 misit?
1582 1750 1890 1809 Metuobat
1919 1750 2146 1808 scilicet
2172 1756 2247 1809 no
2266 1751 2608 1817 indicorotur,

529 1850 606 1904 no
660 1846 927 1904 dolorem
984 1847 1240 1921 perferre
1300 1852 1419 1904 non
1483 1856 1743 1922 possent,
1790 1852 1868 1905 no
1923 1855 2239 1906 'tormentis
2298 1854 2610 1923 cogerentur

529 1951 791 2001 occisum
823 1962 947 2001 esse
979 1950 1014 2002 Ξ.
1042 1952 1219 2002 servis
1250 1944 1491 2002 Milonis
1522 1945 1577 2001 in
1609 1946 1804 2020 Appia
1832 1945 1927 2002 via
1955 1946 2018 2002 P.
2045 1945 2333 2003 Clodium
2362 1946 2610 2003 consitori.

530 2041 692 2116 Quid
726 2060 874 2117 opus
910 2050 1001 2100 est
1044 2042 1306 2100 tortore?
1391 2042 1551 2116 Quid
1597 2042 1872 2117 quaeris?
1955 2042 2389 2102 Occideritne?
2468 2042 2609 2101 Occi-

530 2140 634 2197 dit.
722 2142 856 2198 Iore
887 2159 959 2197 an
993 2140 1243 2197 iniiiria?
1327 2140 1490 2197 Nihil
1519 2139 1597 2198 ad
1628 2145 1913 2198 tortorem
1935 2160 1952 2212 3
1998 2141 2140 2198 facti
2161 2141 2330 2198 enim
2359 2142 2417 2199 in
2442 2140 2612 2199 eculeo

527 2238 793 2312 quaestio
825 2248 930 2309 est,
961 2238 1098 2295 ioris
1128 2238 1189 2293 in
1218 2236 1461 2295 iodicio.

565 2441 670 2487 The
700 2440 1062 2487 manumission
1093 2439 1146 2487 of
1172 2440 1343 2487 Milo’s
1376 2441 1551 2488 slaves
1583 2442 1680 2487 and
1709 2442 1800 2487 the
1829 2440 2115 2500 testimony
2145 2439 2199 2488 of
2228 2443 2323 2488 the
2354 2442 2521 2489 slaves
2546 2435 2589 2484 of

1264 2515 1465 2561 Clodius
1498 2527 1649 2574 prove
1680 2515 1908 2575 nothing.

607 2644 803 2701 XXII.
864 2641 1043 2716 Quod
1074 2642 1247 2717 igitur
1277 2643 1337 2699 in
1368 2648 1546 2699 causo
1574 2642 1979 2717 quaerendum
2009 2651 2118 2712 est,
2143 2642 2204 2700 id
2238 2649 2481 2718 agamus
2508 2641 2614 2710 hic;
2649 2680 2650 2705 1

528 2741 692 2816 quod
722 2747 1028 2797 tormentis
1058 2740 1320 2796 invenire
1349 2746 1455 2811 VIS,
1481 2739 1539 2796 id
1573 2740 1839 2797 fatomur.
1901 2741 2086 2797 Manii
2111 2744 2253 2798 voro
2277 2745 2383 2797 cor
2407 2736 2616 2805 miserit,
2649 2780 2650 2817 3

528 2846 577 2897 si
619 2839 678 2895 id
721 2840 915 2913 potius
944 2838 1175 2913 quaeris
1204 2856 1384 2912 quam
1415 2843 1518 2895 cor
1550 2856 1757 2912 parum
1787 2839 1997 2912 amplis
2028 2837 2318 2896 adfecerit
2351 2835 2615 2912 praemiis,
2649 2840 2650 2873 ἒ

527 2943 718 2994 nescis
748 2936 969 2993 inimici
1000 2935 1220 2993 facturn
1252 2935 1707 3010 reprehendere.
1796 2936 1961 2993 Dixit
2000 2936 2161 2992 enim
2195 2935 2292 2992 hic
2332 2935 2500 2993 idem
2538 2937 2617 3006 qui

528 3035 727 3092 omnia
765 3053 1001 3109 semper
1035 3039 1377 3092 constanter
1408 3042 1470 3091 et
1503 3035 1726 3092 fortiter
1756 3035 1843 3090 M.
1875 3034 2047 3104 Cato,
2080 3043 2138 3090 et
2168 3033 2313 3091 dixit
2355 3034 2416 3091 in
2449 3032 2615 3091 turbu·

528 3133 687 3189 lento
729 3133 1028 3203 contione,
1072 3151 1223 3206 quae
1269 3143 1468 3190 tamen
1515 3132 1683 3189 hoius
1720 3132 2069 3190 auctoritate
2110 3132 2346 3206 placata
2387 3143 2496 3203 est,
2522 3133 2618 3188 non

528 3231 799 3289 liberta‘te
838 3232 1027 3288 solum
1066 3231 1173 3289 sed
1205 3231 1385 3287 etiarn
1419 3230 1689 3288 omnibus
1722 3231 1998 3304 praemiis
2035 3230 2416 3304 dignissimos
2451 3231 2615 3294 fuisse,

528 3336 630 3403 qui
674 3329 901 3387 domini
941 3337 1122 3403 caput
1174 3323 1632 3386 dofendissent.'
1690 3328 1872 3401 Quod
1924 3328 2083 3385 enim
2130 3329 2462 3401 praemium
2508 3325 2618 3385 satis

530 3434 808 3502 magnum
854 3436 942 3484 est
994 3436 1115 3483 tam
1161 3425 1482 3495 benevoliS,
1525 3435 1647 3482 tam
1694 3425 1884 3496 boniS,
1937 3435 2058 3482 tam
2116 3425 2390 3484 fidolibus
2447 3429 2615 3489 servis

529 3532 770 3600 propter
811 3529 959 3597 quos
1000 3523 1182 3579 vivit?
1269 3524 1398 3580 Etsi
1427 3521 1485 3579 id
1519 3522 1763 3597 quidem
1795 3527 1913 3580 non
1951 3528 2098 3578 tanti
2140 3532 2229 3579 est
2262 3540 2442 3596 quam
2480 3517 2616 3597 quod

529 3633 773 3699 propter
815 3621 1060 3678 eosdem
1103 3625 1223 3677 non
1274 3619 1557 3694 sanguine
1608 3630 1667 3677 et
1709 3619 2046 3678 vulneribus
2097 3626 2213 3676 suis
2254 3620 2618 3678 crodolissimi

529 3723 753 3779 inimici
789 3728 1052 3777 mentem
1095 3717 1416 3797 oculosque
1459 3718 1705 3780 satiavit.
1795 3718 1961 3791 Quos
2003 3717 2113 3775 nisi
2158 3721 2339 3774 mano
2369 3718 2615 3784 misisset,
