2719 4161
414 156 558 225 240
978 147 1405 204 ORATIONS
1451 146 1558 204 OF
1603 146 1912 203 CICERO

408 330 567 401 rella,
595 329 851 400 Tubero,
882 340 1072 388 vestra
1101 328 1243 405 quid
1275 329 1471 386 valet?
1568 332 1585 359 ‘
1608 329 1863 402 Recepti
1893 328 1950 385 in
1980 327 2354 402 provinciam
2402 333 2524 385 non

409 429 645 485 sumus!
741 426 920 501 Quid,
951 434 1000 485 si
1030 427 1275 485 essetis?
1369 428 1684 485 Caesarine
1730 444 1863 484 eam
1906 425 2176 483 tradituri
2217 424 2410 483 fuistis
2451 443 2527 482 an

408 531 615 584 contra
642 526 959 585 Caesarem
988 526 1311 584 retenturi?

620 745 812 793 Tubero
840 745 1046 793 shewed
1075 746 1278 805 greater
1305 744 1548 805 hostility
1575 746 1632 792 to
1662 756 1763 804 you
1792 745 1920 792 than
1951 743 2034 791 did
2066 708 2324 804 Ligarius.

487 874 662 931 VIII.
717 872 872 930 Vide
901 873 1045 947 quid
1087 872 1380 944 licentiae,
1412 872 1649 944 Caesar,
1679 872 1852 931 nobis
1895 882 1996 930 tua
2036 870 2357 929 liberalitas
2401 870 2528 942 det,

332 985 356 1034 5
407 971 500 1029 vel
543 971 738 1046 potius
782 970 1084 1028 audaciae.
1170 971 1228 1028 Si
1268 969 1642 1044 responderit
1682 971 1921 1028 Tubero
1952 954 2233 1040 Ᾰΐῐίεειῐη,
2265 973 2391 1043 quo
2432 987 2528 1026 se-

409 1075 578 1126 natus
612 1087 747 1126 eum
782 1086 1025 1143 sorsque
1056 1074 1309 1139 miserat,
1341 1068 1449 1125 tibi
1479 1078 1708 1142 patrem
1738 1086 1906 1124 suurn
1939 1066 2294 1124 traditiirum
2326 1066 2529 1137 fuisse,

301 1158 309 1167 ’
409 1171 529 1224 non
559 1166 842 1225 dubitabo
870 1166 1028 1240 apud
1060 1167 1253 1240 ipsum
1283 1170 1362 1237 te,
1393 1166 1556 1223 cuius
1587 1163 1648 1222 id
1680 1183 1816 1222 eum
1847 1166 2043 1222 facere
2078 1164 2364 1235 interfuit,
2394 1182 2530 1238 gra-

408 1264 654 1322 vissimis
683 1264 872 1322 verbis
902 1264 1026 1321 eius
1055 1263 1363 1321 consilium
1397 1262 1852 1338 reprehendere.
1940 1263 2082 1320 Non
2123 1262 2304 1333 enim,
2338 1267 2388 1319 si
2416 1261 2533 1320 tibi

409 1380 481 1419 ea
507 1366 598 1419 res
625 1367 789 1436 grata
819 1361 1039 1433 fuisset,
1071 1371 1225 1419 esset
1255 1362 1434 1419 etiam
1463 1361 1728 1436 probata.

308 1481 362 1512 10
488 1458 603 1518 Sed
634 1459 752 1516 iam
783 1460 897 1517 hoc
927 1465 1116 1517 totum
1146 1460 1377 1531 omitto,
1407 1464 1528 1516 non
1558 1469 1679 1516 tam
1708 1464 1785 1516 ne
1812 1458 2113 1517 offendam
2138 1464 2269 1516 tuas
2301 1458 2536 1533 patien-

409 1556 658 1614 tissimas
686 1563 838 1614 auris
860 1575 1039 1631 quam
1069 1561 1143 1614 ne
1169 1557 1411 1614 Tubero
1435 1554 1596 1631 quod
1616 1575 1940 1631 numquam
1958 1556 2242 1631 cogitavit
2265 1555 2537 1615 facti-irus

410 1638 583 1711 fuisse
613 1653 898 1712 videatur.
981 1653 1325 1712 Veniebatis
1347 1654 1524 1730 igitur
1552 1653 1612 1711 in
1640 1640 1922 1725 Ksricam,
1947 1653 2317 1729 provinciam
2342 1657 2534 1710 {inam

408 1770 482 1809 ex
522 1752 796 1810 omnibus
839 1751 976 1808 huic
1017 1751 1297 1809 victoriae
1341 1751 1597 1808 maxime
1636 1751 1942 1822 infestam,
1986 1751 2049 1807 in
2091 1756 2212 1824 qua
2255 1760 2382 1808 erat
2427 1755 2535 1809 rex

409 1849 851 1924 potentissimus
894 1849 1162 1906 inimicus
1205 1849 1343 1906 huic
1387 1866 1619 1920 causae,
1650 1848 1843 1907 aliena
1869 1849 2161 1919 voluntas,
2194 1853 2534 1906 conventus

307 1965 358 2013 15
410 1947 570 2005 firmi
598 1957 778 2022 atque
808 1953 1021 2021 magni.
1107 1947 1364 2020 Quaero,
1395 1945 1539 2022 quid
1578 1947 1786 2004 factfiri
1829 1946 2057 2004 fuistis?
2140 1946 2532 2021 Quamquam

409 2044 553 2119 quid
584 2044 792 2103 facturi
821 2044 1041 2103 fueritis
1069 2043 1357 2117 dubitem,
1379 2062 1513 2102 cum
1544 2042 1779 2102 videam
1809 2043 1956 2120 quid
1987 2044 2301 2103 feceritis?
2385 2045 2531 2103 Pro-

412 2142 580 2200 hibiti
604 2143 740 2201 estis
763 2143 823 2200 in
846 2143 1149 2217 provincia
1168 2149 1363 2201 vestr'a'
1389 2143 1610 2217 pedem
1633 2148 1877 2218 ponere,
1902 2153 1963 2200 et
1986 2143 2275 2217 prohibiti
2297 2149 2536 2201 summa

409 2259 544 2297 cum
567 2238 790 2297 iniuria.
853 2240 989 2313 Quo
1013 2240 1197 2298 modo
1219 2240 1281 2298 id
1304 2241 1553 2298 tulistis?
1601 2242 1906 2315 Acceptae
1927 2241 2176 2298 iniiiriae
2201 2241 2531 2316 querellam

408 2336 484 2394 ad
516 2355 694 2411 quem
725 2336 1055 2395 detulistis?
1136 2338 1374 2412 Nempe
1404 2337 1481 2396 ad
1513 2356 1646 2396 eum
1678 2338 1846 2396 cuius
1885 2339 2309 2396 auctoritatem
2340 2343 2534 2395 secuti

303 2461 360 2493 20
408 2435 471 2492 in
512 2435 856 2492 societatem
902 2433 1039 2492 belli
1079 2436 1389 2493 veneratis,
1475 2436 1657 2509 Quod
1687 2442 1735 2493 si
1764 2436 2035 2494 Caesaris
2071 2441 2256 2493 causa
2294 2436 2357 2493 in
2394 2440 2529 2510 pro-

407 2532 660 2590 vinciam
689 2532 1032 2603 veniebatiS,
1053 2531 1128 2588 ad
1159 2533 1295 2591 eum
1326 2533 1595 2607 profecto
1626 2534 1849 2592 exclusi
1870 2535 2181 2608 provincia
2197 2533 2531 2591 vEnissetiS.

406 2630 661 2714 VEnistis
685 2628 761 2687 ad
792 2629 1159 2702 Pompeium.
1245 2630 1416 2703 Quae
1439 2641 1527 2688 est
1551 2636 1691 2706 ergo
1713 2631 1874 2706 apud
1895 2632 2221 2689 Caesarem
2245 2629 2530 2705 querella,

408 2746 546 2784 cum
579 2745 714 2784 eum
748 2726 1046 2806 accusetis
1075 2731 1110 2783 Ξ
1143 2732 1263 2801 quo
1297 2728 1626 2801 queramini
1660 2728 1988 2803 prohibitos
2021 2747 2152 2787 esse
2185 2734 2292 2786 vos
2321 2733 2535 2786 contri

409 2825 726 2882 Caesarem
756 2840 960 2897 gerere
991 2824 1251 2881 bellum?
1333 2827 1529 2900 Atque
1559 2826 1620 2883 in
1650 2826 1765 2883 hoc
1792 2825 2041 2900 quidem
2072 2827 2168 2885 vel
2198 2845 2341 2883 cum
2366 2842 2530 2882 men·

302 2932 355 2979 25
408 2921 601 2992 (ἰΞείὄ,
632 2926 681 2977 si
712 2920 901 2990 vultiS,
932 2920 1262 2994 gloriEmini
1304 2940 1412 2995 per
1456 2927 1551 2980 me
1594 2922 1752 2995 licet,
1782 2929 1886 2981 vos
1931 2924 2306 2998 provinciam
2350 2924 2533 2980 fuisse

407 3020 647 3077 Caesari
688 3017 1020 3075 tradituros.
1107 3018 1303 3076 Etiam
1333 3025 1383 3077 si
1410 3025 1445 3077 Ξ
1471 3021 1630 3078 Varo
1663 3029 1725 3078 et
1753 3026 1788 3078 Ξ
1816 3020 2183 3095 quibusdam
2221 3022 2349 3079 aliis
2391 3038 2534 3095 pro-

495 3223 539 3258 2.
587 3209 764 3268 Quid,
797 3209 849 3258 sl
871 3211 1120 3259 essetis:
1160 3212 1298 3259 what
1328 3213 1388 3277 tf
1396 3229 1502 3275 you
1530 3214 1640 3261 had
1661 3215 1775 3262 been
1795 3216 1824 3263 ,9
1907 3227 1951 3278 7.
2001 3216 2184 3265 cuius
2219 3214 2534 3265 interfuit:

404 3295 451 3335 to
473 3286 631 3334 whose
655 3287 859 3333 interest
881 3287 924 3333 it
941 3302 1058 3333 was.
1130 3298 1203 3348 13.
1239 3299 1377 3336 rex:
1423 3289 1502 3337 i.e.
1532 3290 1677 3353 Juba,
1702 3290 1827 3352 king
1850 3290 1910 3338 of
1934 3291 2199 3340 Numidia.
2277 3304 2351 3352 14.
2385 3302 2540 3339 con·

404 3364 653 3409 ventus:
705 3363 1048 3422 corporations
1071 3377 1126 3408 or
1151 3363 1440 3425 companies
1460 3364 1518 3412 of
1550 3367 1773 3413 Romans
1801 3367 2025 3414 resident
2052 3367 2104 3415 in
2131 3367 2220 3416 the
2248 3366 2541 3431 provinces,

408 3436 589 3484 factors
620 3434 1020 3499 (negotiatores),
1059 3437 1261 3485 farmers
1296 3439 1352 3486 of
1381 3439 1468 3487 the
1507 3456 1724 3489 revenue
1756 3442 2114 3504 (publicani),
2146 3444 2251 3491 and
2281 3443 2368 3491 the
2403 3440 2545 3501 like,

404 3511 520 3560 who
545 3510 646 3559 had
671 3512 940 3559 combined
974 3512 1048 3562 for
1077 3513 1163 3560 the
1197 3528 1413 3576 purpose
1442 3515 1500 3562 of
1530 3517 1816 3579 protecting
1839 3518 1972 3566 their
2005 3535 2248 3567 common
2280 3521 2544 3567 interestS.

408 3599 486 3635 20.
526 3586 707 3645 Quod
741 3622 753 3634 .
792 3623 803 3634 .
841 3622 853 3634 .
890 3587 1258 3635 veniebatisz
1313 3589 1371 3653 ts
1392 3591 1434 3637 it
1467 3592 1630 3654 really
1665 3608 1770 3640 was
1805 3595 1865 3641 in
1912 3596 2147 3642 Caesar’s
2185 3596 2390 3643 interest
2414 3592 2550 3641 that

396 3677 504 3723 you
530 3660 799 3723 attempted
823 3668 869 3708 to
902 3676 1044 3710 come.
