2719 4161
692 225 849 283 PRo
911 226 1228 283 ARcmA
1291 226 1567 284 POETA
2046 237 2069 282 1
2089 236 2177 308 57

64 391 340 450 laudibus
387 392 605 450 Eruditi
648 391 954 449 fuorunt?’
1042 393 1297 450 Difficile
1340 403 1428 451 est
1470 393 1586 451 hoc
1624 392 1703 452 do
1737 393 2012 452 omnibus
2042 397 2182 450 con-

63 490 322 560 firmare,
356 489 469 547 sed
509 498 707 546 tamen
742 501 828 547 est
864 499 1091 548 certum
1122 490 1266 564 quid
1301 490 1721 565 respondeam.
1808 493 1937 566 Ego
1970 491 2182 548 multos

65 588 339 645 hominos
402 587 717 645 excellenti
772 588 974 645 animo
1028 607 1098 645 ac
1141 589 1354 646 virtote
1400 589 1577 647 fuisse
1620 589 1745 647 sine
1791 588 2079 659 doctrina',
2124 599 2184 647 et

64 690 309 743 noti-irae
354 685 542 759 ipsius
585 685 789 743 habito
832 703 1018 760 prope
1055 685 1258 743 divino
1295 705 1403 762 per
1437 692 1501 745 so
1545 687 1703 762 ipsos
1740 697 1799 745 et
1843 687 2184 746 moderatos

67 795 121 839 et
175 789 376 857 gravis
439 782 731 840 exstitisse
789 781 974 840 fateor
994 804 1011 855 3
1082 784 1261 841 etiam
1319 783 1463 842 illud
1507 785 1785 860 adiungo,
1830 786 2062 860 saepius
2104 785 2181 844 ad

65 880 300 939 laudem
346 890 533 955 atque
575 881 849 938 virtotem
892 885 1161 939 notoram
1205 883 1330 940 sine
1373 882 1648 940 doctrino
1689 901 1866 958 quam
1911 885 2036 942 sine
2080 889 2180 941 no·

68 984 189 1035 tora
216 978 478 1036 valuisse
510 978 863 1036 doctrinam.
947 981 1145 1054 Atque
1186 979 1350 1037 idem
1395 998 1507 1055 ego
1552 981 1666 1038 hoc
1696 982 2014 1053 contendo,
2046 1001 2183 1039 cum

71 1075 140 1133 ad
193 1081 482 1134 natoram
541 1076 817 1134 eximiam
875 1085 935 1134 et
991 1077 1295 1135 inlostrem
1340 1079 1657 1137 accesserit
1700 1080 1848 1136 ratio
1889 1079 2181 1154 quaedam

71 1174 587 1248 conformatioque
623 1174 949 1247 doctrinae,
981 1183 1106 1232 tum
1140 1175 1282 1234 illud
1311 1177 1516 1234 nescio
1545 1176 1689 1252 quid
1719 1178 2083 1252 praeclorum
2113 1196 2183 1234 ac

73 1271 358 1347 singulore
407 1272 599 1329 solore
646 1272 943 1330 exsistere.
1051 1274 1141 1330 Ex
1185 1273 1300 1331 hoc
1345 1292 1474 1331 esse
1516 1274 1672 1332 hunc
1715 1279 1980 1344 numero,
2004 1293 2182 1350 quem

72 1375 256 1442 patros
302 1376 501 1427 nostri
545 1369 834 1442 vidorunt,
878 1370 1141 1428 divinum
1192 1371 1498 1430 hominem
1546 1359 1924 1445 Rfriconum3
1964 1392 2034 1430 ex
2069 1373 2184 1431 hoc

76 1467 137 1524 C.
168 1468 463 1538 Laelium,
487 1468 550 1524 L.
586 1468 632 1525 F
636 1467 844 1539 orium,
876 1468 1380 1527 moderatissimos
1411 1469 1679 1529 hominos
1711 1480 1769 1528 et
1799 1472 2184 1530 continentis-

77 1565 241 1622 simos
263 1586 280 1638 3
343 1583 425 1623 ex
470 1565 585 1623 hoc
630 1565 1006 1624 fortissimum
1051 1567 1240 1624 virum
1283 1577 1343 1625 et
1399 1568 1509 1625 illis
1553 1569 1916 1642 temporibus
1966 1568 2183 1628 doctis-

80 1662 276 1719 simum
358 1664 454 1720 M.
514 1663 807 1721 Catonem
879 1664 1041 1721 illum
1111 1682 1335 1723 senem.
1423 1666 1543 1739 Qui
1597 1666 1872 1741 profecto
1926 1673 1976 1724 si
2041 1666 2186 1724 nihil

80 1759 146 1815 ad
185 1761 647 1836 percipiendam
689 1761 1126 1837 colendamque
1169 1763 1448 1820 virtfitem
1495 1764 1699 1822 litteris
1754 1763 2182 1836 adiuvarentur,

82 1876 394 1933 numquam
442 1864 507 1917 so
549 1859 626 1917 ad
670 1865 867 1917 eorum
914 1859 1176 1917 studium
1219 1861 1627 1919 contulissent.

154 1956 326 2029 Quod
349 1964 402 2014 si
422 1962 548 2014 non
569 1957 666 2015 hic
689 1967 888 2016 tantus
911 1957 1132 2015 fri-ictus
1155 1959 1584 2030 ostenderotur,
1606 1969 1664 2017 et
1694 1966 1744 2017 si
1764 1977 1836 2017 ex
1866 1959 1955 2018 his
1978 1960 2186 2019 studiis

88 2052 392 2114 dolectatio
439 2055 567 2113 sola
608 2061 925 2130 peterotur,
956 2066 1175 2129 tamen,
1203 2066 1272 2115 ut
1309 2064 1542 2133 opinor,
1573 2058 1726 2116 hanc
1766 2058 1948 2116 animi
1982 2059 2184 2117 remis-

88 2152 293 2209 sionem
322 2153 812 2211 hiim'ainissimam
845 2173 915 2211 ac
946 2154 1413 2213 liberolissimam
1459 2155 1813 2215 iodicorotiS.
1900 2158 2054 2215 Nam
2087 2162 2185 2216 co-

89 2258 228 2307 terae
270 2268 473 2325 neque
519 2261 855 2326 temporum
899 2262 1032 2310 sunt
1088 2271 1283 2327 neque
1349 2259 1611 2311 aet'a'ttum
1669 2254 1934 2312 omnium
1989 2273 2185 2330 neque

90 2345 372 2422 locorum;
421 2359 482 2406 at
526 2349 675 2406 haec
720 2349 914 2408 studia
956 2349 1423 2409 aduloscentiam
1467 2353 1648 2423 alunt,
1679 2357 2047 2411 senectt‘item
2078 2353 2185 2412 ob-

92 2443 308 2517 lectant,
353 2447 651 2505 secundos
695 2451 788 2506 ros
830 2453 1061 2520 ornant,
1105 2448 1365 2507 adversis
1413 2450 1744 2526 perfugium
1788 2469 1858 2508 ac
1902 2451 2185 2508 solacium

95 2544 380 2617 praebent,
447 2544 753 2603 dolectant
806 2545 991 2617 domi,
1049 2551 1170 2603 non
1226 2547 1564 2622 impediunt
1620 2548 1777 2621 foriS,
1833 2554 2188 2624 pernoctant

95 2639 402 2714 nobiscum,
434 2649 903 2718 peregrinantur,
933 2643 1304 2702 rosticantur.

220 2825 432 2874 Archias
461 2827 511 2874 is
542 2839 574 2874 a
603 2830 722 2887 poet
751 2826 805 2875 of
833 2829 1117 2876 undoubted
1148 2830 1346 2889 genius,
1380 2832 1477 2876 and
1509 2832 1600 2877 the
1629 2832 1749 2890 poet
1776 2830 1824 2877 le
1855 2833 2046 2879 sacred.

166 2952 330 3013 VIII.
390 2954 575 3029 Quod
605 2962 654 3013 si
683 2956 797 3031 ipsi
824 2956 973 3015 haec
1002 2975 1200 3032 neque
1229 2957 1518 3032 attingere
1554 2976 1752 3033 neque
1782 2962 1954 3016 sonso
1986 2965 2187 3018 nostro

106 3057 309 3123 gusta-ire
352 3059 680 3128 possomus,
724 3065 924 3113 tamen
970 3074 1040 3114 ea
1079 3061 1274 3113 mirori
1317 3055 1671 3114 doboromus
1723 3056 1901 3114 etiam
1947 3075 2084 3114 cum
2126 3059 2187 3116 in

107 3147 210 3206 aliis
234 3151 586 3210 vidoromuS.
675 3152 823 3226 Quis
866 3164 1129 3212 nostrum
1169 3164 1290 3211 tam
1330 3153 1531 3211 animo
1561 3160 1773 3230 agresti
1802 3173 1871 3211 ac
1902 3153 2052 3211 doro
2082 3154 2189 3212 fuit

110 3256 159 3301 ut
205 3248 381 3307 Rosci
438 3259 633 3307 morte
690 3254 883 3325 noper
923 3257 1043 3309 non
1086 3255 1603 3311 commovorotur?
1686 3252 1805 3325 Qui
1846 3270 1983 3310 cum
2035 3263 2189 3311 esset

111 3359 263 3401 senex
303 3358 589 3418 mortum,
621 3357 819 3405 tamen
863 3360 1107 3423 propter
1137 3335 1529 3409 excellentem
1573 3361 1758 3408 artem
1803 3369 1873 3407 ac
1917 3357 2186 3410 venusto·

114 3446 211 3497 tem
239 3444 546 3503 videbatur
587 3450 834 3502 omnino
878 3453 1028 3503 mori
1064 3451 1184 3505 non
1224 3447 1519 3507 dobuisse.
1632 3450 1790 3523 Ergo
1837 3450 1932 3508 ille
1976 3469 2186 3525 corpo-

2228 1300 2284 1332 10

2229 1782 2279 1831 ¹5

2226 2285 2285 2318 20

2228 2972 2281 3019 25

2230 3467 2287 3513 30

115 3535 175 3591 ris
222 3545 378 3598 moto
429 3551 665 3598 tantum
722 3547 981 3600 amorem
1027 3543 1137 3601 sibi
1188 3547 1528 3605 conciliarat
1572 3552 1607 3604 Ξ
1648 3543 1830 3606 ῃόὒῑε
1875 3550 2148 3606 omnibus
2171 3569 2188 3621 ;
2248 3610 2253 3616 ,

120 3636 205 3689 nos
251 3638 578 3696 animorum
636 3639 997 3698 incrodibilis
1042 3645 1236 3698 motos
1285 3643 1771 3720 celeritotemque
1821 3645 2190 3719 ingeniorum

119 3731 502 3808 neglegemus?
