2719 4161
353 1305 402 1336 10

352 2786 400 2832 15

347 3269 404 3299 20

457 233 587 282 102
1022 217 1452 278 ORATIONS
1516 217 1620 273 OF
1679 214 1985 272 CICERO

444 408 665 466 scelere
708 407 955 464 demens
995 415 1217 480 quanta
1258 401 1657 460 censcientiae
1700 405 1784 455 vis
1829 406 1983 454 esset
2025 392 2307 451 ostendit.
2413 388 2575 444 Nam

443 524 580 562 curn
639 504 698 562 id
755 515 955 579 posset
1010 503 1260 571 infitiari,
1307 510 1552 574 repente
1605 507 1837 572 praeter
1887 493 2232 567 opinienem
2284 486 2576 545 omnium

442 603 744 661 cenfessus
787 613 893 659 est.
981 603 1072 658 Ita
1101 617 1237 657 eum
1281 604 1401 655 nen
1450 595 1631 653 modo
1675 594 1975 668 ingenium
2020 588 2162 647 illud
2208 598 2269 643 et
2313 582 2580 643 dicendi

443 701 802 770 exercitetie,
833 704 948 774 qua
987 715 1222 772 semper
1263 696 1459 765 valuit,
1502 693 1606 750 sed
1649 693 1825 748 etiam
1868 696 2110 764 propter
2146 686 2267 741 vim
2308 681 2573 740 sceleris

444 798 733 856 manifesti
775 811 950 870 atque
996 795 1347 868 deprehensi
1392 790 1778 867 impudentia,
1812 793 1930 862 qua
1974 783 2292 859 superabat
2335 784 2573 848 omnis,

441 896 902 970 improbitasque
932 893 1172 950 defecit.

522 994 854 1050 Volturcius
895 996 1034 1048 vere
1076 989 1270 1047 subite
1312 989 1533 1045 litteris
1583 985 1833 1061 preferri
1875 992 2055 1055 atque
2114 984 2331 1053 aperiri
2396 974 2579 1032 iubet

444 1098 587 1165 quas
629 1090 739 1148 sibi
781 1095 816 1146 Ξ
860 1088 1110 1146 Lentule
1151 1085 1228 1145 ad
1273 1086 1583 1143 Catilinam
1628 1083 1794 1141 dates
1838 1098 1967 1138 esse
2010 1078 2273 1136 dicebat.
2358 1076 2577 1147 Atque

444 1190 523 1246 ibi
559 1186 1072 1245 vehementissime
1117 1184 1489 1259 perturbetus
1536 1179 1817 1239 Lentulus
1862 1189 2063 1235 tamen
2108 1185 2169 1233 et
2214 1180 2465 1247 signum
2518 1179 2578 1225 et

445 1304 680 1345 manum
727 1303 888 1342 suam
936 1283 1229 1357 cegnevit.
1318 1281 1501 1337 Erant
1545 1289 1744 1335 autem
1788 1276 1913 1333 sine
1972 1273 2236 1342 nemine,
2286 1269 2396 1327 sed
2448 1269 2573 1325 ita:

1209 2232 1775 2267 WRITING·MATERIALS

447 2375 483 2401 “
505 2371 650 2443 Quis
675 2371 783 2426 sim
808 2371 954 2427 scies
980 2388 1051 2427 ex
1075 2375 1146 2427 ee
1173 2388 1347 2443 quem
1376 2370 1453 2427 ad
1476 2379 1533 2426 te
1560 2389 1705 2426 m1si.
1780 2370 1935 2428 Cura
1960 2377 2021 2425 ut
2044 2368 2132 2425 vir
2155 2373 2249 2437 εἰς,
2276 2375 2339 2424 et
2365 2364 2572 2439 cegite

446 2485 623 2541 quem
654 2467 712 2522 in
735 2466 930 2522 locum
956 2473 1028 2523 sis
1055 2472 1410 2540 pregressuS.
1496 2467 1651 2523 Vide
1677 2467 1893 2539 ecquid
1920 2466 2023 2524 tibi
2050 2467 2167 2521 iam
2192 2465 2268 2522 sit
2290 2478 2572 2529 necesse,

448 2574 505 2621 et
536 2568 673 2620 cera
702 2573 764 2619 ut
794 2564 1057 2619 omnium
1090 2564 1191 2620 tibi
1224 2564 1436 2621 auxilia
1467 2563 1766 2638 adiungaS‚
1802 2568 1981 2620 etiam
2011 2563 2425 2620 infimerum.”

526 2660 809 2718 Gabinius
866 2659 1084 2717 deinde
1141 2660 1529 2730 intreductuS,
1588 2679 1722 2717 cum
1783 2666 1976 2735 prime
2034 2659 2432 2733 impudenter
2487 2677 2572 2716 re-

446 2756 739 2831 spondere
769 2757 1079 2830 coepisset,
1104 2756 1179 2813 ad
1210 2763 1541 2814 extremum
1572 2758 1715 2814 nihil
1748 2776 1817 2814 ex
1849 2759 1916 2815 iis
1947 2776 2101 2832 quae
2134 2758 2294 2816 Galli
2321 2758 2574 2814 insimu-

448 2856 645 2913 lebant
677 2854 928 2927 negavit.
1011 2856 1097 2909 Ac
1130 2854 1270 2911 mihi
1311 2856 1574 2927 quidem,
1609 2857 1883 2928 QuiriteS,
1911 2874 2047 2912 cum
2093 2856 2192 2912 illa
2235 2856 2574 2912 certissima

446 2960 566 3010 visa
621 2961 754 3008 sunt
810 2954 1152 3023 argiimenta
1206 2961 1383 3024 atque
1442 2952 1663 3009 indicia
1723 2953 1977 3024 sceleriS,
2036 2953 2315 3022 tabellae,
2386 2958 2573 3026 signa,

447 3054 670 3117 mant-15,
703 3047 958 3120 denique
1001 3052 1170 3104 Unius
1212 3049 1494 3122 efiiusque
1539 3050 1831 3106 cenfessie
1854 3071 1870 3121 3
1915 3060 2043 3106 turn
2080 3051 2270 3107 multe
2316 3051 2575 3106 certiera

446 3147 558 3215 illa,
583 3145 763 3214 color,
789 3143 962 3214 oculi,
991 3144 1197 3213 vulti-13,
1223 3145 1604 3202 taciturnitas,
1677 3147 1769 3204 Sic
1804 3147 1960 3203 enim
1996 3146 2456 3221 obstupuerant,
2491 3154 2572 3204 sic

446 3254 659 3300 terram
689 3240 1082 3311 intuebantur,
1114 3247 1195 3297 sic
1228 3240 1427 3296 ffirtim
1458 3247 1578 3298 nen
1612 3261 1933 3316 numquam
1967 3244 2123 3301 inter
2152 3249 2285 3301 sese
2317 3244 2569 3319 aspicie-

447 3341 606 3412 bant,
630 3349 693 3397 ut
723 3342 843 3395 nen
875 3338 989 3394 iam
1019 3337 1094 3395 ab
1124 3338 1245 3394 aliis
1275 3338 1540 3410 indiceri,
1558 3339 1662 3396 sed
1698 3340 1964 3398 indicare
1988 3346 2050 3398 se
2072 3341 2185 3415 ipsi
2202 3341 2570 3398 viderentur.

703 3514 808 3560 The
841 3512 1067 3559 senate’s
1098 3511 1286 3557 decree.
1349 3510 1529 3558 Arrest
1563 3511 1615 3559 of
1645 3515 1735 3560 the
1770 3512 1905 3560 chief
1936 3515 2301 3573 conspiratura.

524 3626 631 3683 VI.
689 3623 933 3682 Iudiciis
973 3620 1251 3694 expositis
1302 3630 1479 3693 atque
1530 3622 1721 3693 editis,
1769 3625 2048 3696 Quirites,
2095 3631 2375 3683 senatum
2429 3632 2568 3684 cen·

445 3725 594 3782 sului
624 3722 699 3780 de
730 3724 959 3778 summa
1000 3721 1061 3774 re
1107 3717 1343 3790 publica
1377 3718 1518 3790 quid
1551 3719 1675 3774 fieri
1718 3720 1999 3792 placeret.
2088 3722 2310 3780 Dictae
2358 3735 2495 3781 sunt
2537 3729 2571 3780 ‘a
