2719 4161
369 1285 422 1316 10

369 2260 424 2289 20

467 210 605 257 222
1067 201 1494 258 ORATIONS
1541 202 1647 258 OF
1691 200 1998 257 CICERO

463 383 822 457 amplificare
854 385 976 442 eius
1007 384 1314 458 pristinam
1344 383 1691 459 dignitatem
1711 418 1792 427 —-
1810 384 1956 441 haec
1985 389 2087 457 qui
2119 383 2276 453 facit,
2306 386 2415 438 non
2440 399 2518 456 ego

464 499 598 538 eum
630 500 764 538 cum
796 488 1038 538 summis
1068 482 1200 538 viris
1230 486 1515 555 comparo
1545 481 1651 538 sed
1682 481 2040 537 simillimum
2072 480 2187 537 deo
2219 479 2427 536 ifidico.

547 581 773 653 Itaque,
818 579 888 637 C.
933 579 1168 648 Caesar,
1216 578 1464 636 bellicae
1508 589 1641 634 tuae
1689 578 1892 635 laudes
1936 576 2390 634 celebrabuntur
2427 576 2524 632 illae

463 676 707 751 quidem
740 682 857 733 non
890 677 1079 734 solum
1118 683 1331 733 nostris
1370 675 1476 733 sed
1513 693 1701 749 paene
1745 676 2011 732 omnium
2055 675 2322 749 gentium
2364 674 2526 729 litteris

463 785 639 847 atque
686 775 912 849 linguIS‚
944 792 1055 830 nec
1100 774 1216 829 filla
1252 792 1530 847 umquam
1565 773 1833 843 aetastde
1864 779 1976 829 tuis
2006 772 2278 829 laudibus
2309 770 2528 827 contice-

464 884 607 928 scet.
692 871 807 929 Sed
854 881 1053 928 tamen
1096 872 1220 929 eius
1265 870 1428 928 modi
1474 875 1564 928 res
1601 870 1805 927 nescio
1838 874 1959 943 quo
1990 870 2190 940 modo,
2221 869 2399 925 etiam
2428 886 2531 923 cum

465 970 749 1044 leguntur,
781 970 1043 1043 obstrepi
1074 969 1333 1026 clamore
1379 969 1630 1026 militurn
1674 967 1944 1024 videntur
1982 979 2040 1025 et
2085 967 2356 1024 tubarum
2399 969 2531 1021 sono.

463 1069 540 1124 At
589 1072 726 1124 vero
777 1086 915 1123 curn
972 1067 1191 1141 aliquid
1252 1068 1593 1137 clementer,
1649 1070 1967 1136 mansuete,
2022 1066 2190 1135 inste,
2245 1063 2532 1130 moderate

464 1165 759 1239 sapienter
809 1165 1046 1233 factum,
1100 1166 1158 1221 in
1210 1165 1514 1222 iracundia
1565 1164 1926 1238 praesertim,
1980 1181 2133 1237 quae
2187 1174 2276 1219 est
2336 1162 2536 1218 inimica

464 1263 727 1331 consilio,
773 1273 832 1319 et
879 1264 937 1319 in
982 1263 1244 1333 victoria,
1289 1280 1442 1336 quae
1492 1266 1699 1319 natfira
1747 1261 2003 1319 insolens
2056 1272 2115 1318 et
2164 1259 2413 1335 superba
2453 1266 2534 1326 est,

463 1360 732 1417 audimus
783 1372 883 1416 aut
933 1360 1195 1435 legimuS,
1240 1366 1362 1434 quo
1416 1360 1614 1417 studio
1664 1359 2054 1429 incendimur,
2108 1364 2229 1416 non
2281 1357 2454 1414 modo
2492 1355 2537 1410 in

463 1465 639 1532 gestis
684 1458 855 1515 rebus
898 1458 1003 1515 sed
1047 1459 1224 1515 etiam
1272 1459 1328 1513 in
1376 1458 1543 1526 fictis,
1575 1467 1637 1514 ut
1681 1462 1784 1515 eos
1828 1475 2004 1531 saepe
2052 1461 2203 1531 quos
2249 1471 2537 1529 numquam

464 1555 714 1612 vidimus
763 1555 1093 1628 diligamus.
1205 1556 1292 1612 ΤΕ
1358 1560 1516 1626 vero,
1574 1574 1754 1629 quem
1818 1565 2193 1630 praesentem
2261 1556 2538 1619 intUEmur,

464 1653 628 1709 cuius
681 1664 938 1709 mentem
991 1658 1313 1727 seusfisque
1373 1664 1431 1709 et
1489 1658 1553 1709 os
1612 1652 1926 1723 cernimuS,
1983 1664 2048 1709 ut
2092 1651 2378 1726 quicquid
2428 1647 2537 1705 belli

463 1749 694 1807 forti-ina
740 1749 1026 1823 reliquum
1085 1757 1164 1807 rei
1225 1750 1498 1824 pfiblicae
1559 1750 1781 1820 fecerit,
1817 1749 1898 1806 'id
1957 1767 2085 1807 esse
2145 1750 2364 1807 salvum
2408 1746 2538 1812 velis

463 1848 673 1921 quibus
718 1847 985 1905 laudibus
1047 1848 1373 1918 efferemuS,
1431 1848 1643 1922 quibus
1689 1847 1897 1904 studiis
1955 1852 2398 1921 prosequeinur,
2449 1846 2538 1916 qua

464 1945 877 2002 benevolentia
915 1946 1399 2019 complectEmur.
1487 1947 1762 2015 ParietES,
1795 1950 1890 2002 me
1926 1945 2058 2002 dius
2104 1946 2294 2015 fidius,
2327 1952 2389 1999 ut
2429 1938 2539 1997 mihi

462 2042 708 2112 videtur,
758 2043 925 2100 hfiius
976 2043 1174 2100 cfiriae
1226 2043 1332 2100 tibi
1384 2042 1598 2116 gratias
1649 2060 1823 2117 agere
1874 2043 2150 2116 gestiunt,
2200 2042 2361 2117 quod
2410 2040 2537 2097 brevi

465 2152 733 2214 tempore
766 2141 956 2197 futura
985 2141 1058 2197 sit
1090 2141 1186 2198 illa
1214 2141 1533 2227 auctoritas
1563 2141 1622 2196 in
1659 2140 1747 2197 his
1779 2141 2067 2198 maiorum
2097 2145 2336 2197 suorum
2369 2149 2424 2195 et
2450 2139 2539 2192 suis

464 2238 716 2296 sedibus

569 2430 675 2477 You
706 2431 849 2477 alone
878 2442 964 2476 are
996 2431 1356 2488 unconquered‚
1388 2429 1468 2492 fqr
1497 2442 1595 2488 you
1628 2431 1756 2476 have
1789 2431 2061 2488 conquered
2092 2431 2291 2490 victory
2325 2426 2472 2476 itself.

548 2550 647 2606 IV.
709 2548 1006 2622 Equidem
1041 2567 1175 2604 cum
1215 2549 1283 2606 C.
1317 2549 1605 2619 Marcelli,
1635 2549 1742 2605 viri
1785 2549 1993 2623 optimi
2039 2561 2098 2605 et
2142 2549 2538 2606 commemora·

466 2647 565 2705 bili
597 2648 814 2720 pietate
848 2646 1116 2720 praediti,
1150 2646 1419 2702 lacrimas
1452 2646 1633 2702 modo
1664 2646 1966 2703 vobiscum
1998 2646 2283 2717 viderem,
2307 2645 2540 2702 omnium

466 2744 884 2802 Marcellorum
929 2762 1129 2800 meum
1174 2753 1381 2817 pectus
1426 2743 1712 2799 memoria
1748 2743 2002 2813 obfiidit,
2035 2744 2248 2817 quibus
2289 2749 2349 2801 tii
2394 2741 2539 2798 etiam

466 2848 709 2899 mortuis
761 2842 844 2897 M.
895 2841 1183 2898 Marcello
1233 2845 1582 2897 conservato
1628 2840 1977 2915 dignitatem
2028 2860 2194 2898 suam
2246 2838 2539 2902 reddidisti,

553 3055 591 3089 1.
628 3041 809 3090 haec:
838 3057 972 3088 sums
997 3057 1063 3104 up
1092 3041 1178 3089 the
1204 3041 1422 3103 thought
1447 3042 1719 3089 contained
1743 3042 1794 3089 in
1821 3043 2076 3089 Animum
2113 3079 2123 3091 .
2163 3079 2175 3091 .
2213 3079 2225 3091 .
2263 3043 2537 3106 dignitatem.

467 3131 510 3180 3.
559 3119 775 3178 Itaque
810 3153 821 3165 .
861 3154 872 3164 .
910 3154 921 3165 .
958 3118 1370 3167 conticescet:
1439 3133 1467 3164 a
1508 3117 1772 3181 prophetie
1822 3125 2097 3176 utterance‚
2146 3119 2376 3166 destined
2419 3125 2464 3163 to
2492 3113 2540 3157 be

467 3194 673 3242 fulfilled
701 3192 771 3239 far
795 3209 932 3240 more
961 3194 1168 3255 literally
1193 3196 1313 3241 than
1341 3194 1517 3241 Cicero
1542 3194 1774 3255 thought.
1848 3208 1890 3257 5.
1933 3195 2345 3244 conticescet:
2387 3191 2483 3242 will
2501 3188 2537 3232 be

464 3272 626 3317 silent.
735 3282 806 3316 12.
858 3270 1046 3331 gestis
1101 3271 1312 3318 rebus:
1376 3271 1577 3332 history.
1604 3298 1668 3305 -—
1694 3271 1888 3318 fictis:
1953 3272 2292 3334 imaginalive
2347 3268 2537 3326 writing.

473 3360 545 3405 14.
591 3348 663 3393 ut
690 3345 870 3393 velis:
902 3346 1168 3408 betrayz'ng
1186 3362 1324 3407 your
1346 3347 1487 3394 wislz.
1566 3358 1638 3410 15.
1675 3346 1973 3407 reliquum
1998 3347 2241 3396 fecerit:
2291 3367 2338 3390 =
2363 3345 2537 3406 relique·

468 3424 554 3470 rit.
642 3435 715 3481 19.
762 3421 866 3468 illa
915 3423 1281 3470 auctoritas:
1323 3422 1402 3470 i.e.
1440 3424 1527 3470 vir
1574 3424 1664 3470 illa
1708 3426 2005 3470 auctoritate
2031 3423 2314 3485 praeditus.
2385 3434 2449 3470 21.
2488 3415 2533 3464 C.

466 3497 774 3546 Marcelli:
816 3497 1059 3559 probably
1095 3513 1124 3544 a
1160 3499 1331 3545 cousin
1358 3498 1416 3545 of
1446 3498 1531 3546 the
1558 3498 1699 3555 exile,
1729 3499 1901 3546 consul
1927 3499 1979 3546 in
2006 3511 2183 3562 5013.C.
2257 3498 2469 3547 Another
2495 3491 2535 3546 C.

472 3572 754 3627 MarcelluS‚
791 3571 994 3618 brother
1030 3571 1088 3617 of
1116 3570 1202 3618 the
1240 3573 1385 3628 exile,
1410 3588 1510 3619 was
1546 3574 1719 3620 consul
1755 3575 1806 3620 in
1842 3588 1905 3633 49
1944 3586 2038 3621 Bc.
2130 3587 2207 3635 23.
2254 3570 2530 3623 Marcello-

469 3659 628 3695 rum:
668 3644 755 3691 the
798 3645 966 3705 family
1007 3644 1064 3690 of
1098 3643 1184 3690 the
1229 3646 1455 3692 Marcelli
1495 3662 1597 3694 was
1633 3663 1728 3695 one
1754 3647 1813 3694 of
1843 3648 1929 3696 the
1958 3656 2088 3696 most
2119 3646 2470 3711 distinguished
2497 3643 2535 3689 in

474 3722 674 3768 Roman
699 3717 902 3778 history.
