<?xml version="1.0" encoding="UTF-8"?>
<!DOCTYPE html PUBLIC "-//W3C//DTD XHTML 1.0 Transitional//EN"
    "http://www.w3.org/TR/xhtml1/DTD/xhtml1-transitional.dtd">
<html xmlns="http://www.w3.org/1999/xhtml" xml:lang="en" lang="en">
 <head>
  <title>
</title>
<meta http-equiv="Content-Type" content="text/html;charset=utf-8" />
  <meta name='ocr-system' content='tesseract 3.04.00' />
  <meta name='ocr-capabilities' content='ocr_page ocr_carea ocr_par ocr_line ocrx_word'/>
</head>
<body>
  <div class='ocr_page' id='page_1' title='image "./tenorationswith00mincgoog_0252.png"; bbox 0 0 2719 4161; ppageno 0'>
   <div class='ocr_carea' id='block_1_1' title="bbox 369 1287 422 1318">
    <p class='ocr_par' dir='ltr' id='par_1_1' title="bbox 369 1287 422 1318">
     <span class='ocr_line' id='line_1_1' title="bbox 369 1287 422 1318; baseline 0.019 -1"><span class='ocrx_word' id='word_1_1' title='bbox 369 1287 422 1318; x_wconf 82' lang='lat'><strong>10</strong></span> 
     </span>
    </p>
   </div>
   <div class='ocr_carea' id='block_1_2' title="bbox 368 1770 417 1818">
    <p class='ocr_par' dir='ltr' id='par_1_2' title="bbox 368 1770 417 1818">
     <span class='ocr_line' id='line_1_2' title="bbox 368 1770 417 1818; baseline 0 0"><span class='ocrx_word' id='word_1_2' title='bbox 368 1770 417 1818; x_wconf 75' lang='grc' dir='ltr'><strong>ι5</strong></span> 
     </span>
    </p>
   </div>
   <div class='ocr_carea' id='block_1_3' title="bbox 369 2262 423 2291">
    <p class='ocr_par' dir='ltr' id='par_1_3' title="bbox 369 2262 423 2291">
     <span class='ocr_line' id='line_1_3' title="bbox 369 2262 423 2291; baseline 0.019 -1"><span class='ocrx_word' id='word_1_3' title='bbox 369 2262 423 2291; x_wconf 86' lang='lat'><strong>20</strong></span> 
     </span>
    </p>
   </div>
   <div class='ocr_carea' id='block_1_4' title="bbox 468 203 2006 261">
    <p class='ocr_par' dir='ltr' id='par_1_4' title="bbox 468 203 2006 261">
     <span class='ocr_line' id='line_1_4' title="bbox 468 203 2006 261; baseline -0.001 -1"><span class='ocrx_word' id='word_1_4' title='bbox 468 211 606 260; x_wconf 83' lang='lat'><strong>222</strong></span> <span class='ocrx_word' id='word_1_5' title='bbox 1067 203 1498 261; x_wconf 87' lang='lat' dir='ltr'><strong>ORATIONS</strong></span> <span class='ocrx_word' id='word_1_6' title='bbox 1543 204 1651 260; x_wconf 79' lang='grc' dir='ltr'><strong>ΟΡ</strong></span> <span class='ocrx_word' id='word_1_7' title='bbox 1693 203 2006 260; x_wconf 89' lang='lat' dir='ltr'>CICERO</span> 
     </span>
    </p>
   </div>
   <div class='ocr_carea' id='block_1_5' title="bbox 462 385 2542 2297">
    <p class='ocr_par' dir='ltr' id='par_1_5' title="bbox 463 385 2522 558">
     <span class='ocr_line' id='line_1_5' title="bbox 463 385 2522 461; baseline -0.001 -19"><span class='ocrx_word' id='word_1_8' title='bbox 463 385 825 460; x_wconf 65' lang='lat' dir='ltr'><strong>amplificare</strong></span> <span class='ocrx_word' id='word_1_9' title='bbox 855 387 979 444; x_wconf 73' lang='lat' dir='ltr'><strong>eius</strong></span> <span class='ocrx_word' id='word_1_10' title='bbox 1009 387 1315 461; x_wconf 79' lang='lat' dir='ltr'>pristinam</span> <span class='ocrx_word' id='word_1_11' title='bbox 1346 386 1695 461; x_wconf 71' lang='lat' dir='ltr'><strong>dignitatem</strong></span> <span class='ocrx_word' id='word_1_12' title='bbox 1714 386 1960 443; x_wconf 90' lang='lat' dir='ltr'><strong>—haec</strong></span> <span class='ocrx_word' id='word_1_13' title='bbox 1990 392 2094 459; x_wconf 91' lang='lat' dir='ltr'><strong>qui</strong></span> <span class='ocrx_word' id='word_1_14' title='bbox 2128 385 2282 454; x_wconf 85' lang='lat' dir='ltr'><strong>facit,</strong></span> <span class='ocrx_word' id='word_1_15' title='bbox 2311 388 2413 441; x_wconf 71' lang='lat' dir='ltr'><strong>non</strong></span> <span class='ocrx_word' id='word_1_16' title='bbox 2434 401 2522 457; x_wconf 85' lang='lat' dir='ltr'><strong>ego</strong></span> 
     </span>
     <span class='ocr_line' id='line_1_6' title="bbox 465 481 2422 558; baseline -0.002 -18"><span class='ocrx_word' id='word_1_17' title='bbox 465 501 599 540; x_wconf 88' lang='lat' dir='ltr'><strong>eum</strong></span> <span class='ocrx_word' id='word_1_18' title='bbox 630 502 765 540; x_wconf 90' lang='lat' dir='ltr'><strong>cum</strong></span> <span class='ocrx_word' id='word_1_19' title='bbox 797 491 1040 541; x_wconf 87' lang='lat' dir='ltr'><strong>summis</strong></span> <span class='ocrx_word' id='word_1_20' title='bbox 1070 484 1202 540; x_wconf 81' lang='lat' dir='ltr'><strong>viris</strong></span> <span class='ocrx_word' id='word_1_21' title='bbox 1231 489 1518 558; x_wconf 76' lang='lat' dir='ltr'><strong>comparo</strong></span> <span class='ocrx_word' id='word_1_22' title='bbox 1547 483 1655 541; x_wconf 88' lang='lat' dir='ltr'><strong>sed</strong></span> <span class='ocrx_word' id='word_1_23' title='bbox 1683 483 2046 540; x_wconf 86' lang='lat' dir='ltr'><strong>simillimum</strong></span> <span class='ocrx_word' id='word_1_24' title='bbox 2078 481 2196 538; x_wconf 73' lang='lat' dir='ltr'><strong>deo</strong></span> <span class='ocrx_word' id='word_1_25' title='bbox 2227 481 2422 538; x_wconf 72' lang='lat' dir='ltr'><strong>iudico.</strong></span> 
     </span>
    </p>

    <p class='ocr_par' dir='ltr' id='par_1_6' title="bbox 462 577 2542 2297">
     <span class='ocr_line' id='line_1_7' title="bbox 550 577 2526 655; baseline -0.003 -17"><span class='ocrx_word' id='word_1_26' title='bbox 550 583 774 655; x_wconf 89' lang='lat' dir='ltr'><strong>Itaque,</strong></span> <span class='ocrx_word' id='word_1_27' title='bbox 819 581 889 639; x_wconf 93' lang='lat' dir='ltr'><strong>C.</strong></span> <span class='ocrx_word' id='word_1_28' title='bbox 933 581 1170 650; x_wconf 83' lang='lat' dir='ltr'><strong>Caesar,</strong></span> <span class='ocrx_word' id='word_1_29' title='bbox 1218 581 1466 639; x_wconf 86' lang='lat' dir='ltr'><strong>bellicae</strong></span> <span class='ocrx_word' id='word_1_30' title='bbox 1511 594 1643 637; x_wconf 91' lang='lat' dir='ltr'><strong>tuae</strong></span> <span class='ocrx_word' id='word_1_31' title='bbox 1694 580 1895 638; x_wconf 73' lang='lat' dir='ltr'><strong>laudes</strong></span> <span class='ocrx_word' id='word_1_32' title='bbox 1939 579 2388 636; x_wconf 76' lang='lat' dir='ltr'><strong>celebrabuntur</strong></span> <span class='ocrx_word' id='word_1_33' title='bbox 2421 577 2526 633; x_wconf 86' lang='lat' dir='ltr'><strong>illae</strong></span> 
     </span>
     <span class='ocr_line' id='line_1_8' title="bbox 464 676 2527 753; baseline -0.002 -18"><span class='ocrx_word' id='word_1_34' title='bbox 464 678 707 753; x_wconf 90' lang='lat' dir='ltr'><strong>quidem</strong></span> <span class='ocrx_word' id='word_1_35' title='bbox 740 683 857 735; x_wconf 73' lang='lat' dir='ltr'><strong>non</strong></span> <span class='ocrx_word' id='word_1_36' title='bbox 891 679 1081 735; x_wconf 71' lang='lat' dir='ltr'><strong>solum</strong></span> <span class='ocrx_word' id='word_1_37' title='bbox 1120 685 1333 735; x_wconf 90' lang='lat' dir='ltr'><strong>nostris</strong></span> <span class='ocrx_word' id='word_1_38' title='bbox 1372 678 1477 736; x_wconf 91' lang='lat' dir='ltr'><strong>sed</strong></span> <span class='ocrx_word' id='word_1_39' title='bbox 1516 696 1703 752; x_wconf 85' lang='lat' dir='ltr'><strong>paene</strong></span> <span class='ocrx_word' id='word_1_40' title='bbox 1746 679 2018 734; x_wconf 90' lang='lat' dir='ltr'><strong>omnium</strong></span> <span class='ocrx_word' id='word_1_41' title='bbox 2061 676 2323 750; x_wconf 88' lang='lat' dir='ltr'><strong>gentium</strong></span> <span class='ocrx_word' id='word_1_42' title='bbox 2362 676 2527 731; x_wconf 87' lang='lat' dir='ltr'><strong>litteris</strong></span> 
     </span>
     <span class='ocr_line' id='line_1_9' title="bbox 464 773 2528 851; baseline -0.003 -17"><span class='ocrx_word' id='word_1_43' title='bbox 464 786 639 850; x_wconf 80' lang='lat' dir='ltr'><strong>atque</strong></span> <span class='ocrx_word' id='word_1_44' title='bbox 686 777 913 851; x_wconf 79' lang='lat' dir='ltr'><strong>linguiS‚</strong></span> <span class='ocrx_word' id='word_1_45' title='bbox 946 795 1056 833; x_wconf 89' lang='lat' dir='ltr'><strong>nec</strong></span> <span class='ocrx_word' id='word_1_46' title='bbox 1102 777 1217 832; x_wconf 73' lang='lat' dir='ltr'><strong>tilla</strong></span> <span class='ocrx_word' id='word_1_47' title='bbox 1253 794 1533 850; x_wconf 90' lang='lat' dir='ltr'><strong>umquam</strong></span> <span class='ocrx_word' id='word_1_48' title='bbox 1567 781 1728 849; x_wconf 66' lang='lat' dir='ltr'><strong>aetas</strong></span> <span class='ocrx_word' id='word_1_49' title='bbox 1759 774 1835 832; x_wconf 73' lang='lat' dir='ltr'><strong>de</strong></span> <span class='ocrx_word' id='word_1_50' title='bbox 1868 781 1981 831; x_wconf 92' lang='lat' dir='ltr'><strong>tuis</strong></span> <span class='ocrx_word' id='word_1_51' title='bbox 2013 773 2281 831; x_wconf 87' lang='lat' dir='ltr'>laudibus</span> <span class='ocrx_word' id='word_1_52' title='bbox 2309 773 2528 829; x_wconf 72' lang='lat' dir='ltr'><strong>contice-</strong></span> 
     </span>
     <span class='ocr_line' id='line_1_10' title="bbox 464 871 2531 946; baseline -0.003 -16"><span class='ocrx_word' id='word_1_53' title='bbox 464 887 608 930; x_wconf 84' lang='lat' dir='ltr'><strong>scet.</strong></span> <span class='ocrx_word' id='word_1_54' title='bbox 692 873 807 931; x_wconf 87' lang='lat' dir='ltr'><strong>Sed</strong></span> <span class='ocrx_word' id='word_1_55' title='bbox 854 883 1056 930; x_wconf 90' lang='lat' dir='ltr'><strong>tamen</strong></span> <span class='ocrx_word' id='word_1_56' title='bbox 1097 875 1222 931; x_wconf 75' lang='lat' dir='ltr'><strong>eius</strong></span> <span class='ocrx_word' id='word_1_57' title='bbox 1267 873 1430 930; x_wconf 91' lang='lat' dir='ltr'><strong>modi</strong></span> <span class='ocrx_word' id='word_1_58' title='bbox 1476 878 1566 930; x_wconf 66' lang='lat' dir='ltr'><strong>res</strong></span> <span class='ocrx_word' id='word_1_59' title='bbox 1602 872 1807 930; x_wconf 71' lang='lat' dir='ltr'><strong>nescio</strong></span> <span class='ocrx_word' id='word_1_60' title='bbox 1840 877 1962 946; x_wconf 72' lang='lat' dir='ltr'><strong>quo</strong></span> <span class='ocrx_word' id='word_1_61' title='bbox 1995 871 2195 941; x_wconf 69' lang='lat' dir='ltr'><strong>modo,</strong></span> <span class='ocrx_word' id='word_1_62' title='bbox 2226 871 2397 927; x_wconf 84' lang='lat' dir='ltr'><strong>etiam</strong></span> <span class='ocrx_word' id='word_1_63' title='bbox 2423 888 2531 925; x_wconf 89' lang='lat' dir='ltr'><strong>cum</strong></span> 
     </span>
     <span class='ocr_line' id='line_1_11' title="bbox 465 969 2530 1046; baseline -0.003 -18"><span class='ocrx_word' id='word_1_64' title='bbox 465 971 750 1045; x_wconf 86' lang='lat' dir='ltr'><strong>leguntur,</strong></span> <span class='ocrx_word' id='word_1_65' title='bbox 782 973 1044 1046; x_wconf 84' lang='lat' dir='ltr'><strong>obstrepi</strong></span> <span class='ocrx_word' id='word_1_66' title='bbox 1074 972 1333 1029; x_wconf 73' lang='lat' dir='ltr'><strong>clamore</strong></span> <span class='ocrx_word' id='word_1_67' title='bbox 1382 971 1632 1028; x_wconf 89' lang='lat' dir='ltr'><strong>militum</strong></span> <span class='ocrx_word' id='word_1_68' title='bbox 1674 970 1947 1026; x_wconf 91' lang='lat' dir='ltr'><strong>videntur</strong></span> <span class='ocrx_word' id='word_1_69' title='bbox 1985 982 2044 1027; x_wconf 92' lang='lat' dir='ltr'><strong>et</strong></span> <span class='ocrx_word' id='word_1_70' title='bbox 2088 969 2355 1026; x_wconf 68' lang='lat' dir='ltr'><strong>tubarum</strong></span> <span class='ocrx_word' id='word_1_71' title='bbox 2395 972 2530 1024; x_wconf 74' lang='lat' dir='ltr'><strong>sono.</strong></span> 
     </span>
     <span class='ocr_line' id='line_1_12' title="bbox 464 1065 2532 1144; baseline -0.003 -18"><span class='ocrx_word' id='word_1_72' title='bbox 464 1071 541 1126; x_wconf 89' lang='lat' dir='ltr'><strong>At</strong></span> <span class='ocrx_word' id='word_1_73' title='bbox 591 1074 727 1127; x_wconf 70' lang='lat' dir='ltr'><strong>vero</strong></span> <span class='ocrx_word' id='word_1_74' title='bbox 777 1088 914 1126; x_wconf 89' lang='lat' dir='ltr'><strong>cum</strong></span> <span class='ocrx_word' id='word_1_75' title='bbox 972 1070 1191 1144; x_wconf 84' lang='lat' dir='ltr'><strong>aliquid</strong></span> <span class='ocrx_word' id='word_1_76' title='bbox 1252 1070 1595 1140; x_wconf 67' lang='lat' dir='ltr'><strong>clEmenter,</strong></span> <span class='ocrx_word' id='word_1_77' title='bbox 1650 1072 1971 1138; x_wconf 67' lang='lat' dir='ltr'><strong>mansuete,</strong></span> <span class='ocrx_word' id='word_1_78' title='bbox 2026 1068 2193 1137; x_wconf 69' lang='lat' dir='ltr'><strong>iuste,</strong></span> <span class='ocrx_word' id='word_1_79' title='bbox 2247 1065 2532 1133; x_wconf 67' lang='lat' dir='ltr'><strong>moderatE,</strong></span> 
     </span>
     <span class='ocr_line' id='line_1_13' title="bbox 464 1164 2536 1241; baseline -0.003 -18"><span class='ocrx_word' id='word_1_80' title='bbox 464 1168 759 1241; x_wconf 84' lang='lat' dir='ltr'><strong>sapienter</strong></span> <span class='ocrx_word' id='word_1_81' title='bbox 810 1167 1047 1236; x_wconf 86' lang='lat' dir='ltr'><strong>factum,</strong></span> <span class='ocrx_word' id='word_1_82' title='bbox 1099 1168 1157 1223; x_wconf 89' lang='lat' dir='ltr'><strong>in</strong></span> <span class='ocrx_word' id='word_1_83' title='bbox 1211 1167 1516 1225; x_wconf 70' lang='lat' dir='ltr'><strong>iracundia</strong></span> <span class='ocrx_word' id='word_1_84' title='bbox 1567 1166 1927 1240; x_wconf 89' lang='lat' dir='ltr'><strong>praesertim,</strong></span> <span class='ocrx_word' id='word_1_85' title='bbox 1982 1183 2134 1239; x_wconf 90' lang='lat' dir='ltr'><strong>quae</strong></span> <span class='ocrx_word' id='word_1_86' title='bbox 2189 1174 2277 1221; x_wconf 90' lang='lat' dir='ltr'><strong>est</strong></span> <span class='ocrx_word' id='word_1_87' title='bbox 2335 1164 2536 1219; x_wconf 84' lang='lat' dir='ltr'><strong>inimica</strong></span> 
     </span>
     <span class='ocr_line' id='line_1_14' title="bbox 464 1262 2535 1339; baseline -0.002 -20"><span class='ocrx_word' id='word_1_88' title='bbox 464 1265 728 1333; x_wconf 75' lang='lat' dir='ltr'><strong>consilio,</strong></span> <span class='ocrx_word' id='word_1_89' title='bbox 773 1276 833 1322; x_wconf 93' lang='lat' dir='ltr'><strong>et</strong></span> <span class='ocrx_word' id='word_1_90' title='bbox 879 1266 937 1321; x_wconf 91' lang='lat' dir='ltr'><strong>in</strong></span> <span class='ocrx_word' id='word_1_91' title='bbox 983 1266 1244 1335; x_wconf 66' lang='lat' dir='ltr'><strong>victoria,</strong></span> <span class='ocrx_word' id='word_1_92' title='bbox 1289 1282 1444 1339; x_wconf 89' lang='lat' dir='ltr'><strong>quae</strong></span> <span class='ocrx_word' id='word_1_93' title='bbox 1493 1269 1701 1322; x_wconf 68' lang='lat' dir='ltr'><strong>natiira</strong></span> <span class='ocrx_word' id='word_1_94' title='bbox 1749 1264 2006 1321; x_wconf 72' lang='lat' dir='ltr'><strong>insolens</strong></span> <span class='ocrx_word' id='word_1_95' title='bbox 2059 1273 2118 1319; x_wconf 88' lang='lat' dir='ltr'><strong>et</strong></span> <span class='ocrx_word' id='word_1_96' title='bbox 2165 1262 2410 1337; x_wconf 90' lang='lat' dir='ltr'><strong>superba</strong></span> <span class='ocrx_word' id='word_1_97' title='bbox 2450 1269 2535 1329; x_wconf 88' lang='lat' dir='ltr'><strong>est,</strong></span> 
     </span>
     <span class='ocr_line' id='line_1_15' title="bbox 463 1358 2538 1437; baseline -0.002 -19"><span class='ocrx_word' id='word_1_98' title='bbox 463 1362 733 1418; x_wconf 80' lang='lat' dir='ltr'>audimus</span> <span class='ocrx_word' id='word_1_99' title='bbox 783 1373 882 1419; x_wconf 92' lang='lat' dir='ltr'><strong>aut</strong></span> <span class='ocrx_word' id='word_1_100' title='bbox 932 1362 1196 1436; x_wconf 80' lang='lat' dir='ltr'><strong>legimuS,</strong></span> <span class='ocrx_word' id='word_1_101' title='bbox 1241 1368 1363 1437; x_wconf 68' lang='lat' dir='ltr'><strong>quo</strong></span> <span class='ocrx_word' id='word_1_102' title='bbox 1417 1362 1615 1419; x_wconf 72' lang='lat' dir='ltr'><strong>studio</strong></span> <span class='ocrx_word' id='word_1_103' title='bbox 1666 1362 2057 1431; x_wconf 88' lang='lat' dir='ltr'><strong>incendimur,</strong></span> <span class='ocrx_word' id='word_1_104' title='bbox 2109 1366 2230 1417; x_wconf 72' lang='lat' dir='ltr'><strong>non</strong></span> <span class='ocrx_word' id='word_1_105' title='bbox 2283 1359 2450 1417; x_wconf 91' lang='lat' dir='ltr'><strong>modo</strong></span> <span class='ocrx_word' id='word_1_106' title='bbox 2489 1358 2538 1414; x_wconf 89' lang='lat' dir='ltr'><strong>in</strong></span> 
     </span>
     <span class='ocr_line' id='line_1_16' title="bbox 463 1460 2538 1534; baseline -0.002 -19"><span class='ocrx_word' id='word_1_107' title='bbox 463 1466 639 1533; x_wconf 85' lang='lat' dir='ltr'><strong>gestis</strong></span> <span class='ocrx_word' id='word_1_108' title='bbox 684 1460 854 1517; x_wconf 70' lang='lat' dir='ltr'><strong>rebus</strong></span> <span class='ocrx_word' id='word_1_109' title='bbox 898 1461 1003 1517; x_wconf 89' lang='lat' dir='ltr'><strong>sed</strong></span> <span class='ocrx_word' id='word_1_110' title='bbox 1048 1460 1224 1517; x_wconf 90' lang='lat' dir='ltr'><strong>etiam</strong></span> <span class='ocrx_word' id='word_1_111' title='bbox 1272 1461 1328 1515; x_wconf 84' lang='lat' dir='ltr'><strong>in</strong></span> <span class='ocrx_word' id='word_1_112' title='bbox 1376 1461 1544 1529; x_wconf 77' lang='lat' dir='ltr'><strong>fictis,</strong></span> <span class='ocrx_word' id='word_1_113' title='bbox 1575 1470 1639 1517; x_wconf 91' lang='lat' dir='ltr'><strong>ut</strong></span> <span class='ocrx_word' id='word_1_114' title='bbox 1682 1465 1785 1517; x_wconf 71' lang='lat' dir='ltr'><strong>eos</strong></span> <span class='ocrx_word' id='word_1_115' title='bbox 1829 1478 2007 1534; x_wconf 87' lang='lat' dir='ltr'><strong>saepe</strong></span> <span class='ocrx_word' id='word_1_116' title='bbox 2054 1464 2205 1533; x_wconf 72' lang='lat' dir='ltr'><strong>quos</strong></span> <span class='ocrx_word' id='word_1_117' title='bbox 2250 1474 2538 1531; x_wconf 90' lang='lat' dir='ltr'><strong>numquam</strong></span> 
     </span>
     <span class='ocr_line' id='line_1_17' title="bbox 463 1556 2539 1632; baseline -0.001 -20"><span class='ocrx_word' id='word_1_118' title='bbox 463 1557 714 1614; x_wconf 84' lang='lat' dir='ltr'><strong>vidimus</strong></span> <span class='ocrx_word' id='word_1_119' title='bbox 763 1556 1092 1630; x_wconf 73' lang='lat' dir='ltr'><strong>diligamuS.</strong></span> <span class='ocrx_word' id='word_1_120' title='bbox 1204 1559 1292 1614; x_wconf 72' lang='grc' dir='ltr'><strong>ΤΕ</strong></span> <span class='ocrx_word' id='word_1_121' title='bbox 1359 1563 1517 1628; x_wconf 71' lang='lat' dir='ltr'><strong>vero,</strong></span> <span class='ocrx_word' id='word_1_122' title='bbox 1575 1576 1757 1632; x_wconf 92' lang='lat' dir='ltr'><strong>quem</strong></span> <span class='ocrx_word' id='word_1_123' title='bbox 1821 1568 2194 1632; x_wconf 85' lang='lat' dir='ltr'><strong>praesentem</strong></span> <span class='ocrx_word' id='word_1_124' title='bbox 2264 1557 2539 1623; x_wconf 73' lang='lat' dir='ltr'><strong>intuemur,</strong></span> 
     </span>
     <span class='ocr_line' id='line_1_18' title="bbox 463 1651 2539 1728; baseline -0.002 -18"><span class='ocrx_word' id='word_1_125' title='bbox 463 1654 628 1710; x_wconf 73' lang='lat' dir='ltr'><strong>cuius</strong></span> <span class='ocrx_word' id='word_1_126' title='bbox 680 1667 937 1710; x_wconf 89' lang='lat' dir='ltr'><strong>mentem</strong></span> <span class='ocrx_word' id='word_1_127' title='bbox 991 1660 1313 1728; x_wconf 70' lang='lat' dir='ltr'><strong>seusfisque</strong></span> <span class='ocrx_word' id='word_1_128' title='bbox 1373 1666 1431 1712; x_wconf 88' lang='lat' dir='ltr'><strong>et</strong></span> <span class='ocrx_word' id='word_1_129' title='bbox 1489 1661 1553 1711; x_wconf 70' lang='lat' dir='ltr'><strong>os</strong></span> <span class='ocrx_word' id='word_1_130' title='bbox 1612 1655 1927 1726; x_wconf 89' lang='lat' dir='ltr'><strong>cernimus,</strong></span> <span class='ocrx_word' id='word_1_131' title='bbox 1985 1666 2049 1711; x_wconf 97' lang='lat' dir='ltr'><strong>ut</strong></span> <span class='ocrx_word' id='word_1_132' title='bbox 2093 1653 2376 1728; x_wconf 89' lang='lat' dir='ltr'><strong>quicquid</strong></span> <span class='ocrx_word' id='word_1_133' title='bbox 2426 1651 2539 1708; x_wconf 87' lang='lat' dir='ltr'><strong>belli</strong></span> 
     </span>
     <span class='ocr_line' id='line_1_19' title="bbox 463 1750 2539 1826; baseline -0.002 -18"><span class='ocrx_word' id='word_1_134' title='bbox 463 1751 694 1808; x_wconf 69' lang='lat' dir='ltr'><strong>fortuna</strong></span> <span class='ocrx_word' id='word_1_135' title='bbox 740 1752 1025 1825; x_wconf 87' lang='lat' dir='ltr'><strong>reliquum</strong></span> <span class='ocrx_word' id='word_1_136' title='bbox 1083 1759 1163 1808; x_wconf 83' lang='lat' dir='ltr'><strong>rei</strong></span> <span class='ocrx_word' id='word_1_137' title='bbox 1225 1753 1498 1826; x_wconf 76' lang='lat' dir='ltr'><strong>piiblicae</strong></span> <span class='ocrx_word' id='word_1_138' title='bbox 1559 1752 1782 1822; x_wconf 65' lang='lat' dir='ltr'><strong>fecerit,</strong></span> <span class='ocrx_word' id='word_1_139' title='bbox 1838 1751 1899 1808; x_wconf 93' lang='lat' dir='ltr'><strong>id</strong></span> <span class='ocrx_word' id='word_1_140' title='bbox 1958 1770 2085 1809; x_wconf 89' lang='lat' dir='ltr'><strong>esse</strong></span> <span class='ocrx_word' id='word_1_141' title='bbox 2146 1751 2363 1808; x_wconf 88' lang='lat' dir='ltr'><strong>salvum</strong></span> <span class='ocrx_word' id='word_1_142' title='bbox 2405 1750 2539 1814; x_wconf 79' lang='lat' dir='ltr'><strong>veliS‚</strong></span> 
     </span>
     <span class='ocr_line' id='line_1_20' title="bbox 462 1848 2542 1924; baseline -0.001 -20"><span class='ocrx_word' id='word_1_143' title='bbox 462 1848 672 1923; x_wconf 84' lang='lat' dir='ltr'><strong>quibus</strong></span> <span class='ocrx_word' id='word_1_144' title='bbox 716 1848 984 1906; x_wconf 91' lang='lat' dir='ltr'><strong>laudibus</strong></span> <span class='ocrx_word' id='word_1_145' title='bbox 1047 1849 1372 1920; x_wconf 72' lang='lat' dir='ltr'><strong>efferemuS,</strong></span> <span class='ocrx_word' id='word_1_146' title='bbox 1431 1851 1643 1924; x_wconf 89' lang='lat' dir='ltr'><strong>quibus</strong></span> <span class='ocrx_word' id='word_1_147' title='bbox 1690 1849 1898 1906; x_wconf 83' lang='lat' dir='ltr'><strong>studiis</strong></span> <span class='ocrx_word' id='word_1_148' title='bbox 1955 1854 2397 1923; x_wconf 68' lang='lat' dir='ltr'><strong>prosequeinur,</strong></span> <span class='ocrx_word' id='word_1_149' title='bbox 2447 1850 2542 1919; x_wconf 73' lang='lat' dir='ltr'><strong>qua</strong></span> 
     </span>
     <span class='ocr_line' id='line_1_21' title="bbox 463 1943 2541 2021; baseline -0.003 -17"><span class='ocrx_word' id='word_1_150' title='bbox 463 1946 876 2004; x_wconf 69' lang='lat' dir='ltr'><strong>benevolentia</strong></span> <span class='ocrx_word' id='word_1_151' title='bbox 914 1948 1399 2021; x_wconf 65' lang='lat' dir='ltr'><strong>complectEmur.</strong></span> <span class='ocrx_word' id='word_1_152' title='bbox 1487 1949 1762 2017; x_wconf 65' lang='lat' dir='ltr'><strong>ParietES,</strong></span> <span class='ocrx_word' id='word_1_153' title='bbox 1797 1952 1891 2004; x_wconf 75' lang='lat' dir='ltr'><strong>m‘e‘</strong></span> <span class='ocrx_word' id='word_1_154' title='bbox 1926 1947 2058 2004; x_wconf 91' lang='lat' dir='ltr'><strong>dius</strong></span> <span class='ocrx_word' id='word_1_155' title='bbox 2104 1948 2297 2017; x_wconf 84' lang='lat' dir='ltr'><strong>fidius,</strong></span> <span class='ocrx_word' id='word_1_156' title='bbox 2328 1955 2388 2003; x_wconf 88' lang='lat' dir='ltr'><strong>ut</strong></span> <span class='ocrx_word' id='word_1_157' title='bbox 2426 1943 2541 2000; x_wconf 90' lang='lat' dir='ltr'><strong>mihi</strong></span> 
     </span>
     <span class='ocr_line' id='line_1_22' title="bbox 462 2043 2541 2120; baseline -0.001 -21"><span class='ocrx_word' id='word_1_158' title='bbox 462 2044 707 2113; x_wconf 74' lang='lat' dir='ltr'><strong>videtur,</strong></span> <span class='ocrx_word' id='word_1_159' title='bbox 757 2045 924 2102; x_wconf 71' lang='lat' dir='ltr'><strong>huius</strong></span> <span class='ocrx_word' id='word_1_160' title='bbox 975 2045 1173 2102; x_wconf 71' lang='lat' dir='ltr'><strong>curiae</strong></span> <span class='ocrx_word' id='word_1_161' title='bbox 1226 2045 1329 2102; x_wconf 87' lang='lat' dir='ltr'><strong>tibi</strong></span> <span class='ocrx_word' id='word_1_162' title='bbox 1383 2045 1597 2119; x_wconf 70' lang='lat' dir='ltr'><strong>gratias</strong></span> <span class='ocrx_word' id='word_1_163' title='bbox 1648 2063 1824 2120; x_wconf 88' lang='lat' dir='ltr'><strong>agere</strong></span> <span class='ocrx_word' id='word_1_164' title='bbox 1875 2046 2151 2120; x_wconf 86' lang='lat' dir='ltr'><strong>gestiunt,</strong></span> <span class='ocrx_word' id='word_1_165' title='bbox 2201 2043 2363 2119; x_wconf 91' lang='lat' dir='ltr'><strong>quod</strong></span> <span class='ocrx_word' id='word_1_166' title='bbox 2408 2043 2541 2100; x_wconf 90' lang='lat' dir='ltr'><strong>brevi</strong></span> 
     </span>
     <span class='ocr_line' id='line_1_23' title="bbox 464 2142 2541 2229; baseline -0.002 -31"><span class='ocrx_word' id='word_1_167' title='bbox 464 2152 731 2215; x_wconf 88' lang='lat' dir='ltr'><strong>tempore</strong></span> <span class='ocrx_word' id='word_1_168' title='bbox 764 2142 955 2199; x_wconf 73' lang='lat' dir='ltr'><strong>futura</strong></span> <span class='ocrx_word' id='word_1_169' title='bbox 984 2142 1058 2199; x_wconf 92' lang='lat' dir='ltr'><strong>sit</strong></span> <span class='ocrx_word' id='word_1_170' title='bbox 1088 2143 1186 2199; x_wconf 87' lang='lat' dir='ltr'><strong>illa</strong></span> <span class='ocrx_word' id='word_1_171' title='bbox 1213 2143 1532 2229; x_wconf 70' lang='lat' dir='ltr'><strong>auctoritas</strong></span> <span class='ocrx_word' id='word_1_172' title='bbox 1562 2143 1620 2198; x_wconf 90' lang='lat' dir='ltr'><strong>in</strong></span> <span class='ocrx_word' id='word_1_173' title='bbox 1657 2142 1747 2201; x_wconf 90' lang='lat' dir='ltr'><strong>his</strong></span> <span class='ocrx_word' id='word_1_174' title='bbox 1779 2144 2067 2200; x_wconf 72' lang='lat' dir='ltr'><strong>maiorum</strong></span> <span class='ocrx_word' id='word_1_175' title='bbox 2096 2147 2336 2199; x_wconf 71' lang='lat' dir='ltr'><strong>suorum</strong></span> <span class='ocrx_word' id='word_1_176' title='bbox 2367 2151 2420 2198; x_wconf 89' lang='lat' dir='ltr'><strong>et</strong></span> <span class='ocrx_word' id='word_1_177' title='bbox 2447 2145 2541 2196; x_wconf 87' lang='lat' dir='ltr'><strong>suis</strong></span> 
     </span>
     <span class='ocr_line' id='line_1_24' title="bbox 463 2239 714 2297; baseline -0.004 -2"><span class='ocrx_word' id='word_1_178' title='bbox 463 2239 714 2297; x_wconf 75' lang='lat' dir='ltr'><strong>sedibus.</strong></span> 
     </span>
    </p>
   </div>
   <div class='ocr_carea' id='block_1_6' title="bbox 567 2430 2474 2494">
    <p class='ocr_par' dir='ltr' id='par_1_7' title="bbox 567 2430 2474 2494">
     <span class='ocr_line' id='line_1_25' title="bbox 567 2430 2474 2494; baseline -0.001 -17"><span class='ocrx_word' id='word_1_179' title='bbox 567 2431 674 2477; x_wconf 87' lang='lat' dir='ltr'><strong>You</strong></span> <span class='ocrx_word' id='word_1_180' title='bbox 705 2432 847 2478; x_wconf 83' lang='lat' dir='ltr'><strong>alone</strong></span> <span class='ocrx_word' id='word_1_181' title='bbox 877 2443 962 2477; x_wconf 83' lang='lat' dir='ltr'><strong>are</strong></span> <span class='ocrx_word' id='word_1_182' title='bbox 994 2433 1354 2490; x_wconf 83' lang='lat' dir='ltr'><strong>unconquered‚</strong></span> <span class='ocrx_word' id='word_1_183' title='bbox 1388 2430 1465 2494; x_wconf 75' lang='lat' dir='ltr'><strong>for</strong></span> <span class='ocrx_word' id='word_1_184' title='bbox 1496 2444 1595 2490; x_wconf 87' lang='lat' dir='ltr'><strong>you</strong></span> <span class='ocrx_word' id='word_1_185' title='bbox 1628 2433 1756 2477; x_wconf 84' lang='lat' dir='ltr'><strong>have</strong></span> <span class='ocrx_word' id='word_1_186' title='bbox 1788 2433 2061 2490; x_wconf 83' lang='lat' dir='ltr'><strong>conquered</strong></span> <span class='ocrx_word' id='word_1_187' title='bbox 2092 2432 2298 2492; x_wconf 85' lang='lat' dir='ltr'><strong>victory</strong></span> <span class='ocrx_word' id='word_1_188' title='bbox 2327 2430 2474 2478; x_wconf 81' lang='lat' dir='ltr'><strong>itself.</strong></span> 
     </span>
    </p>
   </div>
   <div class='ocr_carea' id='block_1_7' title="bbox 464 2550 2546 2917">
    <p class='ocr_par' dir='ltr' id='par_1_8' title="bbox 464 2550 2546 2917">
     <span class='ocr_line' id='line_1_26' title="bbox 546 2550 2542 2624; baseline -0.002 -17"><span class='ocrx_word' id='word_1_189' title='bbox 546 2552 645 2607; x_wconf 94' lang='lat' dir='ltr'><strong>IV.</strong></span> <span class='ocrx_word' id='word_1_190' title='bbox 708 2550 1004 2624; x_wconf 88' lang='lat' dir='ltr'><strong>Equidem</strong></span> <span class='ocrx_word' id='word_1_191' title='bbox 1040 2569 1173 2606; x_wconf 89' lang='lat' dir='ltr'><strong>cum</strong></span> <span class='ocrx_word' id='word_1_192' title='bbox 1213 2550 1281 2607; x_wconf 90' lang='lat' dir='ltr'><strong>C.</strong></span> <span class='ocrx_word' id='word_1_193' title='bbox 1317 2551 1603 2620; x_wconf 65' lang='lat' dir='ltr'><strong>Marcelli,</strong></span> <span class='ocrx_word' id='word_1_194' title='bbox 1636 2551 1741 2607; x_wconf 89' lang='lat' dir='ltr'><strong>viri</strong></span> <span class='ocrx_word' id='word_1_195' title='bbox 1783 2551 1993 2624; x_wconf 91' lang='lat' dir='ltr'><strong>optimi</strong></span> <span class='ocrx_word' id='word_1_196' title='bbox 2039 2563 2098 2607; x_wconf 93' lang='lat' dir='ltr'><strong>et</strong></span> <span class='ocrx_word' id='word_1_197' title='bbox 2143 2554 2542 2608; x_wconf 69' lang='lat' dir='ltr'><strong>commemora-</strong></span> 
     </span>
     <span class='ocr_line' id='line_1_27' title="bbox 464 2647 2546 2723; baseline -0.002 -18"><span class='ocrx_word' id='word_1_198' title='bbox 464 2649 563 2707; x_wconf 83' lang='lat' dir='ltr'><strong>bili</strong></span> <span class='ocrx_word' id='word_1_199' title='bbox 596 2649 812 2723; x_wconf 71' lang='lat' dir='ltr'><strong>pietate</strong></span> <span class='ocrx_word' id='word_1_200' title='bbox 845 2648 1114 2721; x_wconf 89' lang='lat' dir='ltr'><strong>praediti,</strong></span> <span class='ocrx_word' id='word_1_201' title='bbox 1148 2648 1417 2704; x_wconf 71' lang='lat' dir='ltr'><strong>lacrimas</strong></span> <span class='ocrx_word' id='word_1_202' title='bbox 1449 2647 1632 2705; x_wconf 92' lang='lat' dir='ltr'><strong>modo</strong></span> <span class='ocrx_word' id='word_1_203' title='bbox 1663 2648 1964 2705; x_wconf 73' lang='lat' dir='ltr'><strong>vobiscum</strong></span> <span class='ocrx_word' id='word_1_204' title='bbox 1998 2647 2287 2718; x_wconf 68' lang='lat' dir='ltr'><strong>viderem,</strong></span> <span class='ocrx_word' id='word_1_205' title='bbox 2311 2648 2546 2703; x_wconf 87' lang='lat' dir='ltr'><strong>omnium</strong></span> 
     </span>
     <span class='ocr_line' id='line_1_28' title="bbox 465 2744 2544 2818; baseline -0.003 -15"><span class='ocrx_word' id='word_1_206' title='bbox 465 2746 880 2803; x_wconf 71' lang='lat' dir='ltr'><strong>Marcellorum</strong></span> <span class='ocrx_word' id='word_1_207' title='bbox 928 2764 1128 2801; x_wconf 90' lang='lat' dir='ltr'><strong>meum</strong></span> <span class='ocrx_word' id='word_1_208' title='bbox 1171 2754 1379 2818; x_wconf 90' lang='lat' dir='ltr'><strong>pectus</strong></span> <span class='ocrx_word' id='word_1_209' title='bbox 1426 2745 1710 2801; x_wconf 87' lang='lat' dir='ltr'><strong>memoria</strong></span> <span class='ocrx_word' id='word_1_210' title='bbox 1745 2744 2001 2815; x_wconf 71' lang='lat' dir='ltr'><strong>obfudit,</strong></span> <span class='ocrx_word' id='word_1_211' title='bbox 2033 2745 2249 2818; x_wconf 91' lang='lat' dir='ltr'><strong>quibus</strong></span> <span class='ocrx_word' id='word_1_212' title='bbox 2291 2750 2351 2802; x_wconf 68' lang='lat' dir='ltr'><strong>tsi</strong></span> <span class='ocrx_word' id='word_1_213' title='bbox 2395 2744 2544 2800; x_wconf 88' lang='lat' dir='ltr'><strong>etiam</strong></span> 
     </span>
     <span class='ocr_line' id='line_1_29' title="bbox 464 2841 2546 2917; baseline -0.002 -17"><span class='ocrx_word' id='word_1_214' title='bbox 464 2850 707 2900; x_wconf 81' lang='lat' dir='ltr'><strong>mortuis</strong></span> <span class='ocrx_word' id='word_1_215' title='bbox 760 2844 842 2898; x_wconf 94' lang='lat' dir='ltr'><strong>M.</strong></span> <span class='ocrx_word' id='word_1_216' title='bbox 893 2841 1180 2899; x_wconf 70' lang='lat' dir='ltr'><strong>Marcello</strong></span> <span class='ocrx_word' id='word_1_217' title='bbox 1232 2847 1581 2899; x_wconf 70' lang='lat' dir='ltr'><strong>conservato</strong></span> <span class='ocrx_word' id='word_1_218' title='bbox 1626 2842 1975 2917; x_wconf 69' lang='lat' dir='ltr'><strong>dignitatern</strong></span> <span class='ocrx_word' id='word_1_219' title='bbox 2027 2861 2194 2899; x_wconf 89' lang='lat' dir='ltr'><strong>suam</strong></span> <span class='ocrx_word' id='word_1_220' title='bbox 2246 2841 2546 2908; x_wconf 88' lang='lat' dir='ltr'><strong>reddidisti,</strong></span> 
     </span>
    </p>
   </div>
   <div class='ocr_carea' id='block_1_8' title="bbox 461 3041 2546 3779">
    <p class='ocr_par' dir='ltr' id='par_1_9' title="bbox 461 3041 2546 3779">
     <span class='ocr_line' id='line_1_30' title="bbox 552 3041 2545 3107; baseline -0.002 -18"><span class='ocrx_word' id='word_1_221' title='bbox 552 3055 589 3089; x_wconf 87' lang='lat'><strong>1.</strong></span> <span class='ocrx_word' id='word_1_222' title='bbox 626 3041 805 3091; x_wconf 82' lang='lat' dir='ltr'><strong>haec:</strong></span> <span class='ocrx_word' id='word_1_223' title='bbox 835 3058 969 3089; x_wconf 89' lang='lat' dir='ltr'><strong>sums</strong></span> <span class='ocrx_word' id='word_1_224' title='bbox 996 3057 1061 3104; x_wconf 92' lang='lat' dir='ltr'><strong>up</strong></span> <span class='ocrx_word' id='word_1_225' title='bbox 1090 3042 1177 3089; x_wconf 89' lang='lat' dir='ltr'><strong>the</strong></span> <span class='ocrx_word' id='word_1_226' title='bbox 1202 3041 1420 3103; x_wconf 86' lang='lat' dir='ltr'><strong>thought</strong></span> <span class='ocrx_word' id='word_1_227' title='bbox 1446 3043 1716 3090; x_wconf 88' lang='lat' dir='ltr'><strong>contained</strong></span> <span class='ocrx_word' id='word_1_228' title='bbox 1741 3043 1791 3090; x_wconf 93' lang='lat' dir='ltr'><strong>in</strong></span> <span class='ocrx_word' id='word_1_229' title='bbox 1818 3044 2073 3091; x_wconf 82' lang='lat' dir='ltr'><strong>Animum</strong></span> <span class='ocrx_word' id='word_1_230' title='bbox 2112 3081 2123 3092; x_wconf 90' lang='lat'><strong>.</strong></span> <span class='ocrx_word' id='word_1_231' title='bbox 2162 3081 2175 3092; x_wconf 86' lang='lat'><strong>.</strong></span> <span class='ocrx_word' id='word_1_232' title='bbox 2213 3081 2225 3092; x_wconf 94' lang='lat'><strong>.</strong></span> <span class='ocrx_word' id='word_1_233' title='bbox 2262 3045 2545 3107; x_wconf 81' lang='lat' dir='ltr'><strong>dignitatem.</strong></span> 
     </span>
     <span class='ocr_line' id='line_1_31' title="bbox 464 3117 2546 3182; baseline -0.002 -17"><span class='ocrx_word' id='word_1_234' title='bbox 464 3131 508 3180; x_wconf 87' lang='lat'><strong>3.</strong></span> <span class='ocrx_word' id='word_1_235' title='bbox 557 3119 772 3178; x_wconf 84' lang='lat' dir='ltr'><strong>Itaque</strong></span> <span class='ocrx_word' id='word_1_236' title='bbox 808 3154 819 3166; x_wconf 92' lang='lat'><strong>.</strong></span> <span class='ocrx_word' id='word_1_237' title='bbox 858 3154 869 3165; x_wconf 90' lang='lat'><strong>.</strong></span> <span class='ocrx_word' id='word_1_238' title='bbox 907 3154 918 3165; x_wconf 91' lang='lat'><strong>.</strong></span> <span class='ocrx_word' id='word_1_239' title='bbox 956 3118 1368 3167; x_wconf 75' lang='lat' dir='ltr'><strong>conticescet:</strong></span> <span class='ocrx_word' id='word_1_240' title='bbox 1436 3134 1465 3164; x_wconf 90' lang='lat' dir='ltr'><strong>a</strong></span> <span class='ocrx_word' id='word_1_241' title='bbox 1506 3117 1769 3182; x_wconf 87' lang='lat' dir='ltr'><strong>prophetie</strong></span> <span class='ocrx_word' id='word_1_242' title='bbox 1819 3127 2096 3177; x_wconf 89' lang='lat' dir='ltr'><strong>utterance,</strong></span> <span class='ocrx_word' id='word_1_243' title='bbox 2145 3121 2378 3168; x_wconf 89' lang='lat' dir='ltr'><strong>destined</strong></span> <span class='ocrx_word' id='word_1_244' title='bbox 2421 3128 2467 3166; x_wconf 94' lang='lat' dir='ltr'><strong>to</strong></span> <span class='ocrx_word' id='word_1_245' title='bbox 2496 3118 2546 3162; x_wconf 89' lang='lat' dir='ltr'><strong>be</strong></span> 
     </span>
     <span class='ocr_line' id='line_1_32' title="bbox 463 3193 2546 3258; baseline -0.001 -16"><span class='ocrx_word' id='word_1_246' title='bbox 463 3194 670 3242; x_wconf 77' lang='lat' dir='ltr'><strong>fultilled</strong></span> <span class='ocrx_word' id='word_1_247' title='bbox 697 3193 769 3240; x_wconf 88' lang='lat' dir='ltr'><strong>sar</strong></span> <span class='ocrx_word' id='word_1_248' title='bbox 793 3210 929 3241; x_wconf 88' lang='lat' dir='ltr'><strong>more</strong></span> <span class='ocrx_word' id='word_1_249' title='bbox 959 3194 1167 3255; x_wconf 87' lang='lat' dir='ltr'><strong>literally</strong></span> <span class='ocrx_word' id='word_1_250' title='bbox 1191 3196 1311 3241; x_wconf 82' lang='lat' dir='ltr'><strong>than</strong></span> <span class='ocrx_word' id='word_1_251' title='bbox 1339 3194 1515 3241; x_wconf 90' lang='lat' dir='ltr'><strong>Cicero</strong></span> <span class='ocrx_word' id='word_1_252' title='bbox 1539 3194 1771 3256; x_wconf 85' lang='lat' dir='ltr'><strong>thought.</strong></span> <span class='ocrx_word' id='word_1_253' title='bbox 1845 3209 1887 3258; x_wconf 89' lang='lat'><strong>5.</strong></span> <span class='ocrx_word' id='word_1_254' title='bbox 1931 3197 2345 3245; x_wconf 75' lang='lat' dir='ltr'><strong>conticescet:</strong></span> <span class='ocrx_word' id='word_1_255' title='bbox 2389 3195 2489 3244; x_wconf 82' lang='lat' dir='ltr'><strong>will</strong></span> <span class='ocrx_word' id='word_1_256' title='bbox 2507 3193 2546 3238; x_wconf 81' lang='lat' dir='ltr'><strong>be</strong></span> 
     </span>
     <span class='ocr_line' id='line_1_33' title="bbox 461 3271 2544 3336; baseline -0.002 -18"><span class='ocrx_word' id='word_1_257' title='bbox 461 3272 623 3318; x_wconf 82' lang='lat' dir='ltr'><strong>silent.</strong></span> <span class='ocrx_word' id='word_1_258' title='bbox 733 3283 804 3317; x_wconf 88' lang='lat'><strong>12.</strong></span> <span class='ocrx_word' id='word_1_259' title='bbox 855 3271 1044 3330; x_wconf 75' lang='lat' dir='ltr'><strong>gestis</strong></span> <span class='ocrx_word' id='word_1_260' title='bbox 1100 3271 1310 3319; x_wconf 74' lang='lat' dir='ltr'><strong>rebus:</strong></span> <span class='ocrx_word' id='word_1_261' title='bbox 1374 3272 1574 3332; x_wconf 80' lang='lat' dir='ltr'><strong>history.</strong></span> <span class='ocrx_word' id='word_1_262' title='bbox 1601 3298 1665 3306; x_wconf 92' lang='lat'><strong>—</strong></span> <span class='ocrx_word' id='word_1_263' title='bbox 1691 3271 1885 3320; x_wconf 75' lang='lat' dir='ltr'><strong>fictis:</strong></span> <span class='ocrx_word' id='word_1_264' title='bbox 1951 3273 2291 3336; x_wconf 76' lang='lat' dir='ltr'><strong>imaginalive</strong></span> <span class='ocrx_word' id='word_1_265' title='bbox 2346 3271 2544 3332; x_wconf 83' lang='lat' dir='ltr'><strong>writing.</strong></span> 
     </span>
     <span class='ocr_line' id='line_1_34' title="bbox 469 3346 2543 3410; baseline -0.001 -15"><span class='ocrx_word' id='word_1_266' title='bbox 469 3360 542 3407; x_wconf 87' lang='lat'><strong>14.</strong></span> <span class='ocrx_word' id='word_1_267' title='bbox 589 3349 660 3394; x_wconf 86' lang='lat' dir='ltr'><strong>ut</strong></span> <span class='ocrx_word' id='word_1_268' title='bbox 686 3346 868 3394; x_wconf 77' lang='lat' dir='ltr'><strong>velie:</strong></span> <span class='ocrx_word' id='word_1_269' title='bbox 900 3347 1165 3410; x_wconf 77' lang='lat' dir='ltr'><strong>belraying</strong></span> <span class='ocrx_word' id='word_1_270' title='bbox 1183 3363 1322 3409; x_wconf 84' lang='lat' dir='ltr'><strong>your</strong></span> <span class='ocrx_word' id='word_1_271' title='bbox 1345 3348 1485 3394; x_wconf 76' lang='lat' dir='ltr'><strong>wisse.</strong></span> <span class='ocrx_word' id='word_1_272' title='bbox 1562 3359 1634 3410; x_wconf 84' lang='lat'><strong>15.</strong></span> <span class='ocrx_word' id='word_1_273' title='bbox 1672 3347 1970 3408; x_wconf 87' lang='lat' dir='ltr'><strong>reliquum</strong></span> <span class='ocrx_word' id='word_1_274' title='bbox 1996 3348 2240 3397; x_wconf 69' lang='lat' dir='ltr'><strong>fecerit:</strong></span> <span class='ocrx_word' id='word_1_275' title='bbox 2290 3368 2338 3390; x_wconf 87' lang='lat'><strong><em>=</em></strong></span> <span class='ocrx_word' id='word_1_276' title='bbox 2363 3349 2543 3409; x_wconf 80' lang='lat' dir='ltr'><strong>relique·</strong></span> 
     </span>
     <span class='ocr_line' id='line_1_35' title="bbox 465 3420 2543 3486; baseline -0.001 -17"><span class='ocrx_word' id='word_1_277' title='bbox 465 3426 550 3471; x_wconf 84' lang='lat' dir='ltr'><strong>rit.</strong></span> <span class='ocrx_word' id='word_1_278' title='bbox 639 3436 711 3482; x_wconf 86' lang='lat'><strong>19.</strong></span> <span class='ocrx_word' id='word_1_279' title='bbox 760 3422 864 3469; x_wconf 78' lang='lat' dir='ltr'><strong>illa</strong></span> <span class='ocrx_word' id='word_1_280' title='bbox 912 3424 1279 3472; x_wconf 76' lang='lat' dir='ltr'><strong>auctoritas:</strong></span> <span class='ocrx_word' id='word_1_281' title='bbox 1321 3423 1400 3470; x_wconf 85' lang='lat' dir='ltr'><strong>i.e.</strong></span> <span class='ocrx_word' id='word_1_282' title='bbox 1437 3424 1523 3470; x_wconf 82' lang='lat' dir='ltr'><strong>vir</strong></span> <span class='ocrx_word' id='word_1_283' title='bbox 1571 3424 1661 3470; x_wconf 84' lang='lat' dir='ltr'><strong>illa</strong></span> <span class='ocrx_word' id='word_1_284' title='bbox 1705 3427 2003 3471; x_wconf 82' lang='lat' dir='ltr'><strong>auctoritate</strong></span> <span class='ocrx_word' id='word_1_285' title='bbox 2029 3425 2314 3486; x_wconf 84' lang='lat' dir='ltr'><strong>praeditus.</strong></span> <span class='ocrx_word' id='word_1_286' title='bbox 2385 3437 2455 3471; x_wconf 90' lang='lat'><strong>21.</strong></span> <span class='ocrx_word' id='word_1_287' title='bbox 2494 3420 2543 3469; x_wconf 84' lang='lat' dir='ltr'><strong>C.</strong></span> 
     </span>
     <span class='ocr_line' id='line_1_36' title="bbox 462 3496 2542 3562; baseline -0.002 -14"><span class='ocrx_word' id='word_1_288' title='bbox 462 3499 770 3549; x_wconf 81' lang='lat' dir='ltr'><strong>Marcelli:</strong></span> <span class='ocrx_word' id='word_1_289' title='bbox 815 3498 1056 3561; x_wconf 89' lang='lat' dir='ltr'><strong>probably</strong></span> <span class='ocrx_word' id='word_1_290' title='bbox 1092 3515 1121 3545; x_wconf 87' lang='lat' dir='ltr'><strong>a</strong></span> <span class='ocrx_word' id='word_1_291' title='bbox 1157 3499 1328 3546; x_wconf 89' lang='lat' dir='ltr'><strong>cousin</strong></span> <span class='ocrx_word' id='word_1_292' title='bbox 1355 3498 1413 3545; x_wconf 89' lang='lat' dir='ltr'><strong>of</strong></span> <span class='ocrx_word' id='word_1_293' title='bbox 1442 3498 1527 3545; x_wconf 86' lang='lat' dir='ltr'><strong>the</strong></span> <span class='ocrx_word' id='word_1_294' title='bbox 1554 3498 1695 3554; x_wconf 90' lang='lat' dir='ltr'><strong>exile,</strong></span> <span class='ocrx_word' id='word_1_295' title='bbox 1726 3499 1899 3547; x_wconf 90' lang='lat' dir='ltr'><strong>consul</strong></span> <span class='ocrx_word' id='word_1_296' title='bbox 1924 3500 1975 3546; x_wconf 91' lang='lat' dir='ltr'><strong>in</strong></span> <span class='ocrx_word' id='word_1_297' title='bbox 2003 3513 2067 3562; x_wconf 85' lang='lat'><strong>50</strong></span> <span class='ocrx_word' id='word_1_298' title='bbox 2085 3511 2182 3548; x_wconf 77' lang='lat' dir='ltr'><strong>B.C.</strong></span> <span class='ocrx_word' id='word_1_299' title='bbox 2257 3499 2474 3548; x_wconf 84' lang='lat' dir='ltr'><strong>Another</strong></span> <span class='ocrx_word' id='word_1_300' title='bbox 2501 3496 2542 3552; x_wconf 77' lang='lat' dir='ltr'><strong>C,</strong></span> 
     </span>
     <span class='ocr_line' id='line_1_37' title="bbox 467 3572 2540 3636; baseline -0.001 -14"><span class='ocrx_word' id='word_1_301' title='bbox 467 3575 750 3629; x_wconf 86' lang='lat' dir='ltr'><strong>Marcellus,</strong></span> <span class='ocrx_word' id='word_1_302' title='bbox 788 3572 992 3619; x_wconf 87' lang='lat' dir='ltr'><strong>brother</strong></span> <span class='ocrx_word' id='word_1_303' title='bbox 1027 3572 1084 3619; x_wconf 89' lang='lat' dir='ltr'><strong>of</strong></span> <span class='ocrx_word' id='word_1_304' title='bbox 1112 3572 1199 3620; x_wconf 86' lang='lat' dir='ltr'><strong>the</strong></span> <span class='ocrx_word' id='word_1_305' title='bbox 1237 3573 1381 3628; x_wconf 89' lang='lat' dir='ltr'><strong>exile,</strong></span> <span class='ocrx_word' id='word_1_306' title='bbox 1406 3588 1507 3619; x_wconf 86' lang='lat' dir='ltr'><strong>was</strong></span> <span class='ocrx_word' id='word_1_307' title='bbox 1543 3574 1716 3620; x_wconf 88' lang='lat' dir='ltr'><strong>consul</strong></span> <span class='ocrx_word' id='word_1_308' title='bbox 1753 3575 1804 3621; x_wconf 89' lang='lat' dir='ltr'><strong>in</strong></span> <span class='ocrx_word' id='word_1_309' title='bbox 1838 3588 1903 3634; x_wconf 92' lang='lat'><strong>49</strong></span> <span class='ocrx_word' id='word_1_310' title='bbox 1941 3587 2035 3622; x_wconf 74' lang='lat' dir='ltr'><strong>Bc.</strong></span> <span class='ocrx_word' id='word_1_311' title='bbox 2128 3588 2205 3636; x_wconf 86' lang='lat'><strong>23.</strong></span> <span class='ocrx_word' id='word_1_312' title='bbox 2254 3574 2540 3625; x_wconf 85' lang='lat' dir='ltr'><strong>Marcello-</strong></span> 
     </span>
     <span class='ocr_line' id='line_1_38' title="bbox 464 3645 2541 3712; baseline -0.001 -16"><span class='ocrx_word' id='word_1_313' title='bbox 464 3660 623 3696; x_wconf 85' lang='lat' dir='ltr'><strong>rum:</strong></span> <span class='ocrx_word' id='word_1_314' title='bbox 664 3647 751 3695; x_wconf 91' lang='lat' dir='ltr'><strong>the</strong></span> <span class='ocrx_word' id='word_1_315' title='bbox 794 3646 962 3706; x_wconf 80' lang='lat' dir='ltr'><strong>family</strong></span> <span class='ocrx_word' id='word_1_316' title='bbox 1004 3646 1060 3691; x_wconf 86' lang='lat' dir='ltr'><strong>of</strong></span> <span class='ocrx_word' id='word_1_317' title='bbox 1094 3645 1181 3692; x_wconf 91' lang='lat' dir='ltr'><strong>the</strong></span> <span class='ocrx_word' id='word_1_318' title='bbox 1226 3646 1451 3693; x_wconf 86' lang='lat' dir='ltr'><strong>Marcelli</strong></span> <span class='ocrx_word' id='word_1_319' title='bbox 1491 3662 1593 3694; x_wconf 90' lang='lat' dir='ltr'><strong>was</strong></span> <span class='ocrx_word' id='word_1_320' title='bbox 1629 3663 1725 3695; x_wconf 92' lang='lat' dir='ltr'><strong>one</strong></span> <span class='ocrx_word' id='word_1_321' title='bbox 1751 3649 1810 3695; x_wconf 88' lang='lat' dir='ltr'><strong>of</strong></span> <span class='ocrx_word' id='word_1_322' title='bbox 1839 3648 1926 3697; x_wconf 90' lang='lat' dir='ltr'><strong>the</strong></span> <span class='ocrx_word' id='word_1_323' title='bbox 1955 3657 2086 3697; x_wconf 89' lang='lat' dir='ltr'><strong>most</strong></span> <span class='ocrx_word' id='word_1_324' title='bbox 2117 3649 2474 3712; x_wconf 89' lang='lat' dir='ltr'><strong>distinguished</strong></span> <span class='ocrx_word' id='word_1_325' title='bbox 2503 3647 2541 3693; x_wconf 88' lang='lat' dir='ltr'><strong>in</strong></span> 
     </span>
     <span class='ocr_line' id='line_1_39' title="bbox 470 3720 899 3779; baseline -0.009 -9"><span class='ocrx_word' id='word_1_326' title='bbox 470 3724 668 3770; x_wconf 85' lang='lat' dir='ltr'><strong>Roman</strong></span> <span class='ocrx_word' id='word_1_327' title='bbox 695 3720 899 3779; x_wconf 90' lang='lat' dir='ltr'><strong>history.</strong></span> 
     </span>
    </p>
   </div>
   <div class='ocr_carea' id='block_1_9' title="bbox 2646 3059 2649 4019">
    <p class='ocr_par' dir='ltr' id='par_1_10' title="bbox 2646 3059 2649 4019">
     <span class='ocr_line' id='line_1_40' title="bbox 2646 3059 2649 4019; baseline 0 0"><span class='ocrx_word' id='word_1_328' title='bbox 2646 3059 2649 4019; x_wconf 95' lang='lat' dir='ltr'><strong> </strong></span> 
     </span>
    </p>
   </div>
  </div>
 </body>
</html>
