2719 4161
286 232 733 289 EPISTULAE
790 231 903 288 AD
963 231 1466 288 TERENTIAM
1526 231 1886 289 UXOREM
2029 240 2167 312 247

49 417 300 489 ogeru?
343 407 483 474 Sine
514 421 572 473 te
602 416 775 491 igitur
805 415 956 473 sim?
1000 415 1246 490 Opinor,
1272 422 1356 473 sic
1380 434 1550 491 agam
1576 437 1587 474 :
1634 422 1683 474 si
1706 426 1795 474 est
1824 421 1959 491 spes
1988 423 2172 474 nostri

52 512 300 585 editt-iffi
349 532 484 570 eam
534 513 858 571 confirmes
910 523 970 571 et
1019 531 1143 569 rem
1193 512 1434 571 adiuves
1455 534 1473 585 3
1517 520 1625 585 sin,
1671 524 1737 571 ut
1786 532 1897 589 ego
1948 519 2170 586 metuo,

49 616 416 670 ransfictum
447 621 553 682 est,
584 615 824 685 quoquo
856 610 1038 668 modo
1067 619 1258 686 poteS‚
1289 611 1366 669 ad
1405 615 1499 669 me
1535 610 1625 668 fac
1663 612 1884 670 venias
1968 595 2171 671 'Unum

49 714 149 766 ιὸο
201 714 399 767 scito:
447 716 497 767 si
527 713 584 767 te
616 709 868 780 habebo,
898 713 1018 767 non
1051 709 1192 765 mihi
1220 709 1469 767 videbor
1500 710 1674 785 plane
1714 716 1955 784 perisse.
2052 710 2172 769 Sed

49 808 184 881 [uid
233 806 498 865 Tulliola
529 812 663 865 mea
695 807 848 864 fiet?
918 808 1048 864 Iam
1090 806 1150 865 id
1195 811 1298 865 vos
1341 806 1539 864 videte
1561 827 1578 880 3
1623 808 1769 864 mihi
1812 808 1983 865 deest
2025 813 2167 866 con-

51 904 257 962 zilium.
350 904 471 964 Sed
514 909 694 976 certe,
727 909 967 979 quoquo
1003 904 1186 962 modo
1224 909 1286 962 se
1315 909 1408 962 res
1438 904 1697 977 habebit,
1729 905 1878 963 illius
1910 905 2169 964 misellae

49 1013 87 1059 =t
120 1002 523 1060 matrimonio
552 1013 612 1060 et
643 1001 842 1059 famae
873 1002 1248 1060 serviendum
1278 1013 1387 1060 est.
1459 1002 1661 1076 Quid?
1745 1004 1959 1061 Cicero
2003 1021 2168 1062 meus

49 1100 183 1174 {uid
237 1102 424 1176 aget?
528 1101 649 1158 Iste
692 1104 833 1158 vero
879 1100 952 1158 sit
994 1101 1056 1156 in
1097 1100 1226 1158 sim]
1271 1117 1508 1174 semper
1551 1111 1611 1159 et
1651 1101 1966 1176 complexu
2011 1106 2166 1160 meo.

49 1200 181 1256 ‚Nion
236 1203 405 1273 queo
453 1198 621 1272 plfira
675 1198 792 1256 iam
850 1198 1104 1256 scribere
1125 1218 1143 1270 3
1208 1198 1459 1272 impedit
1516 1216 1764 1256 maeror.
1873 1200 1967 1255 Tfi
2023 1199 2168 1273 quid

49 1296 231 1370 {geris
280 1296 528 1368 nesci63
572 1306 765 1353 utrum
810 1295 1029 1370 aliquid
1074 1301 1278 1354 teneas
1311 1314 1406 1368 an,
1436 1296 1599 1371 quod
1635 1301 1857 1369 metuo,
1887 1297 2061 1371 plane
2092 1303 2167 1355 sis

49 1394 323 1469 spoliata.
409 1395 704 1466 Pisonem,
733 1404 800 1451 ut
827 1394 1051 1466 scribiS,
1081 1399 1256 1468 spero
1284 1394 1410 1453 fore
1440 1412 1677 1469 semper
1703 1404 1988 1453 nostrum.
2073 1395 2168 1454 De

49 1491 267 1550 familia-1
299 1492 551 1549 liberata
579 1492 722 1549 nihil
753 1503 842 1550 est
871 1491 1033 1566 quod
1063 1497 1120 1550 te
1151 1502 1405 1550 moveat.
1490 1494 1750 1549 Primum
1779 1499 1892 1550 tuis
1920 1493 2001 1550 ita
2030 1498 2164 1568 pro-

49 1591 297 1647 missum
343 1600 450 1659 est,
482 1594 542 1648 te
594 1590 876 1647 facturam
926 1608 1051 1648 esse
1096 1599 1162 1646 ut
1208 1590 1456 1664 quisque
1509 1601 1662 1648 esset
1708 1590 1964 1648 merituS.
2059 1592 2167 1649 Est

49 1699 242 1745 autem
274 1688 344 1745 in
374 1687 573 1745 officio
602 1688 799 1746 adhiic
828 1688 1122 1763 Orpheus,
1153 1693 1461 1762 praeterea
1497 1693 1714 1763 magno
1746 1696 1933 1762 opere‘
1966 1692 2186 1746 nemo..

49 1786 410 1844 Ceterorum
455 1790 755 1843 servorum
804 1803 874 1843 ea
929 1803 1106 1843 causa
1154 1797 1243 1844 est
1289 1795 1372 1857 ut,
1413 1792 1460 1842 si
1503 1790 1593 1843 res
1644 1791 1679 1843 Ξ
1715 1787 1885 1844 nobis
1928 1786 2164 1858 abisset,

49 1884 239 1941 liberti
279 1889 468 1940 nostri
506 1895 720 1955 essent,
751 1891 798 1941 si
832 1884 1105 1942 obtinere
1133 1884 1462 1957 potuissent
1484 1903 1501 1955 3
1545 1890 1634 1941 sin
1662 1882 1741 1940 ad
1771 1888 1879 1941 nos
1907 1884 2163 1959 pertine-

49 1992 193 2054 rent,
226 1989 524 2041 servirent
552 1992 964 2056 praeterquam
995 1980 1220 2056 oppido
1250 1987 1442 2056 pauci.

128 2079 249 2140 Sed
298 2080 449 2140 haec
491 2080 722 2139 minora
763 2090 917 2138 sunt.
1014 2080 1108 2136 Ti]
1137 2077 1300 2153 quod
1333 2084 1428 2137 me
1459 2078 1705 2137 hortaris
1733 2090 1799 2137 ut
1826 2078 2026 2138 animo
2054 2079 2166 2138 sim

57 2185 269 2255 magno
318 2190 378 2238 et
420 2197 589 2254 spem
633 2179 885 2238 habeam
927 2177 1370 2251 recuperandae
1401 2177 1617 2248 saluti5‚
1649 2177 1708 2235 id
1738 2178 1914 2235 velim
1938 2178 2013 2235 sit
2042 2178 2167 2236 Eius

61 2278 216 2336 modi
245 2286 318 2336 ut
348 2281 511 2336 recte
541 2281 780 2352 sperare
809 2282 1117 2351 possimus,
1204 2276 1383 2332 Nunc
1415 2275 1589 2332 miser
1617 2274 1858 2349 quando
1887 2281 2015 2333 tuas
2050 2277 2165 2333 iam

60 2374 272 2434 litteriis
306 2376 643 2451 accipiam?
712 2374 860 2448 Quis
882 2372 957 2432 ad
990 2377 1084 2431 me
1114 2373 1411 2448 perferet?
1494 2373 1657 2446 Quas
1686 2391 1798 2448 ego
1828 2380 2164 2448 exspectas-

64 2491 177 2531 sem
226 2473 526 2532 Brundisii
583 2479 631 2531 si
687 2482 842 2530 esset
890 2471 1115 2529 licitum
1170 2489 1277 2546 per
1319 2476 1546 2541 nautaS,
1592 2477 1695 2545 qui
1750 2477 2166 2546 tempestatem

65 2572 525 2643 praetermittere
556 2571 888 2629 noluerunt.
974 2568 1155 2642 Quod
1184 2569 1473 2643 reliquum
1504 2578 1609 2640 est,
1642 2575 1904 2627 sustenta
1932 2574 2009 2641 ῖὲ,
2035 2587 2167 2627 mea

67 2669 349 2742 Terentia,
392 2679 460 2727 ut
505 2679 693 2744 potes.
797 2667 1237 2725 Honestissime
1287 2667 1551 2738 viximuS,
1603 2666 1923 2725 floruimuS.
2025 2668 2168 2724 Non

69 2766 259 2825 vitium
300 2777 571 2826 nostrum
622 2766 730 2824 sed
770 2767 951 2824 virtfis
992 2775 1193 2823 nostra
1233 2770 1342 2822 nos
1386 2764 1632 2823 adflixit.
1717 2767 2035 2822 Peccatum
2079 2776 2166 2823 est

76 2864 298 2938 nullum,
329 2864 440 2923 nisi
483 2864 649 2940 quod
687 2869 806 2922 non
848 2869 967 2921 fini
1000 2863 1258 2921 animam
1288 2881 1426 2920 cum
1456 2867 1816 2921 ornamentis
1846 2863 2165 2921 amisimus.

146 3018 187 3054 2.
221 3006 572 3056 confirmes:
623 3004 748 3053 mild
783 3004 1070 3052 command.
1164 3017 1210 3066 3.
1260 3006 1638 3052 transactum
1674 3007 1799 3052 est:
1850 3005 1927 3050 all
1957 3005 2000 3051 is
2033 3020 2164 3053 over.

82 3089 118 3142 5.
145 3081 271 3131 fiet:
317 3084 432 3131 will
461 3083 646 3130 become
680 3083 744 3146 ofl
813 3081 858 3129 6.
895 3093 1138 3142 quoquo
1166 3116 1179 3130 .
1205 3116 1218 3129 .
1246 3116 1258 3129 .
1283 3080 1565 3129 habebit:
1603 3080 1827 3127 however
1850 3080 2014 3143 things
2036 3087 2165 3128 turn

81 3159 547 3208 oua—misellae:
591 3158 831 3220 unhappy
866 3157 1017 3206 child.
1112 3169 1154 3219 7.
1198 3156 1581 3206 serviendum
1616 3159 1741 3204 est:
1791 3172 1865 3204 we
1899 3163 2033 3203 must
2062 3156 2167 3203 look

84 3240 153 3279 out
159 3234 258 3296 sor.
305 3234 512 3283 Tullia's
536 3234 706 3296 dowry
724 3233 827 3281 had
851 3241 939 3280 not
964 3239 1046 3296 yet
1070 3232 1202 3280 been
1223 3232 1358 3296 paid.
1435 3244 1508 3280 10.
1543 3229 1784 3280 teneas:
1823 3232 1999 3279 Cicero
2034 3231 2165 3280 fears

83 3306 174 3356 that
210 3310 484 3359 Terentia's
523 3310 718 3374 private
760 3309 957 3357 fortune
1004 3324 1117 3371 may
1151 3307 1279 3356 have
1320 3308 1451 3356 been
1487 3308 1806 3356 confiscated.
1880 3320 1953 3356 11.
1999 3309 2164 3357 Piso-

83 3393 224 3432 nem:
260 3386 464 3435 Tullia's
489 3386 1138 3434 husband—nostrum:
1178 3392 1292 3433 true
1316 3393 1362 3432 to
1388 3400 1460 3433 us.
1536 3397 1608 3444 14.
1645 3383 1948 3444 Orpheus:
1978 3399 2074 3432 one
2100 3384 2158 3433 of

86 3456 333 3510 Terentia‘s
377 3463 555 3511 slaves.
570 3465 965 3522 —praeterea
990 3497 1002 3510 .
1028 3498 1041 3510 .
1069 3499 1079 3509 .
1103 3473 1310 3510 nemo:
1365 3477 1429 3508 no
1474 3476 1566 3508 one
1600 3461 1689 3507 else
1712 3461 2067 3523 particularly
2099 3476 2163 3510 so·

92 3545 153 3596 15.
192 3549 396 3587 causa:
435 3545 818 3602 agreement.—
833 3538 885 3586 si
911 3574 923 3586 .
951 3573 963 3586 .
989 3573 1001 3586 .
1026 3536 1287 3586 abisset:
1318 3537 1457 3602 ifwe
1479 3535 1661 3584 should
1676 3536 1771 3583 lose
1794 3552 1892 3583 our
1906 3543 2163 3599 property.

93 3609 154 3658 16.
192 3614 492 3664 obtinere:
531 3615 799 3662 maintain
833 3614 965 3661 their
999 3613 1178 3675 liberty
1214 3613 1272 3661 in
1309 3620 1464 3660 court.
1561 3625 1635 3675 17.
1683 3611 2007 3660 servirent:
2057 3613 2165 3674 they

91 3685 244 3736 should
268 3691 500 3740 continue
533 3699 580 3738 to
611 3690 663 3738 be
695 3705 792 3737 our
824 3689 1340 3749 slaves.—0pp1do:
1384 3704 1518 3751 very.
1589 3700 1666 3736 22.
1700 3690 2159 3747 tempestatem:

94 3761 198 3823 sair
230 3766 452 3815 weatlzer.
524 3765 604 3815 26.
636 3777 784 3814 una:
824 3772 1055 3814 construe
1078 3764 1197 3813 with
1221 3780 1351 3813 cum.

2241 743 2276 754 Ι

2232 827 2256 875 5

2204 1320 2258 1351 10

2200 2297 2257 2329 20

2201 2779 2253 2828 25
