2719 4161
402 1517 456 1547 10

402 2001 449 2048 Ῑ5

395 2495 451 2526 20

393 2973 444 3019 25

391 3459 447 3505 30

518 208 650 297 136
1068 219 1498 277 oRATloNs
1561 219 1667 275 oF
1727 217 2032 275 CICERO

505 402 733 460 fuistis?
816 403 1009 475 Quam
1043 403 1253 460 multas
1277 402 1621 460 existimatis
1642 402 1859 459 insulas
1883 419 2010 458 esse
2033 399 2357 458 desertas?
2429 399 2595 471 Quam
2648 463 2649 472 χ

505 499 715 556 multas
757 511 856 557 aut
902 505 1061 558 metfi
1105 501 1336 558 relictas
1379 511 1478 559 aut
1521 506 1556 558 Ξ
1598 498 1993 575 praedonibus
2031 503 2243 573 captas
2287 497 2455 555 urbis
2496 514 2595 553 esse

504 598 797 655 sociorum
814 600 841 656 Ρ

967 779 1057 825 His
1089 779 1398 826 remarkable
1430 779 1627 838 victoty
1657 789 1776 824 over
1804 778 1894 823 the
1925 777 2137 836 pirates.

583 900 723 957 XII.
781 898 899 957 Sed
921 897 1065 973 quid
1096 916 1207 973 ego
1238 898 1559 972 longinqua
1582 897 2031 954 commemoro?
2116 896 2256 952 Fuit
2288 895 2413 953 hoc
2437 912 2601 969 quon-

501 997 659 1069 dam,
684 997 791 1054 fuit
821 996 1121 1071 proprium
1147 997 1352 1070 populi
1379 997 1633 1053 Romani
1656 994 1830 1069 longe
1852 1000 1887 1051 Ξ
1908 992 2092 1050 domo
2122 981 2383 1063 bellare‚'
2400 1001 2461 1049 et
2489 996 2601 1066 pro·

501 1094 844 1170 pugnaculis
884 1096 1093 1168 imperi
1136 1094 1429 1151 sociorum
1472 1093 1750 1161 fortuna&
1784 1096 1903 1149 non
1940 1109 2044 1148 sua
2074 1095 2235 1148 tecta
2263 1089 2601 1148 defendere.

499 1195 683 1252 Sociis
723 1211 834 1266 ego
880 1198 1090 1249 nostris
1136 1209 1297 1248 mare
1342 1208 1449 1264 per
1493 1190 1597 1247 hos
1640 1194 1826 1247 annos
1857 1190 2121 1246 clausum
2165 1187 2354 1245 fuisse
2401 1187 2602 1257 dicam,

498 1310 634 1348 cum
666 1290 957 1348 exercitus
987 1296 1163 1347 vestri
1203 1306 1528 1362 numquam
1563 1293 1598 1345 Ξ
1634 1276 1947 1344 Brundisio
1986 1286 2097 1342 nisi
2139 1285 2341 1343 hieme
2388 1289 2603 1342 summi

498 1389 965 1446 transmiserint?
1075 1388 1194 1460 Qui
1249 1387 1327 1444 ad
1379 1391 1483 1444 vos
1541 1386 1617 1444 ab
1673 1391 1886 1442 exteris
1945 1384 2283 1441 nationibus
2341 1388 2601 1439 venirent

498 1493 704 1562 captos
759 1504 987 1560 querar,
1045 1504 1181 1542 cum
1241 1485 1418 1559 legati
1475 1484 1678 1559 populi
1751 1484 2009 1540 Romani
2080 1480 2385 1556 redEmpti
2457 1479 2599 1537 sint?

499 1584 928 1642 Mercatoribus
973 1587 1161 1639 tutum
1222 1600 1381 1639 mare
1439 1587 1558 1639 non
1601 1581 1779 1638 fuisse
1823 1579 2038 1650 dicam,
2083 1598 2223 1636 cum
2282 1576 2600 1636 duodecim

497 1686 732 1740 secures
774 1682 837 1738 in
879 1680 1245 1754 praedonum
1291 1685 1644 1754 potestatem
1693 1677 2107 1751 pervenerint?
2189 1676 2461 1735 Cnidum
2505 1683 2592 1730 aut

497 1780 913 1854 Colophonem
952 1788 1051 1835 aut
1090 1779 1348 1848 Samum,
1391 1778 1778 1835 nobilissimas
1820 1776 1994 1845 urbis,
2037 1776 2592 1848 innumerabilisque

495 1878 636 1935 alias
675 1882 876 1952 captas
916 1894 1042 1935 esse
1082 1893 1568 1946 commemorem,
1599 1893 1734 1931 cum
1766 1879 1986 1931 vestros
2030 1877 2255 1947 porti-18,
2288 1883 2475 1947 atque
2505 1877 2593 1930 eos

496 1980 698 2050 portus
736 1975 947 2048 quibus
982 1980 1159 2030 vitam
1198 1991 1268 2029 ac
1315 1973 1580 2048 spiritum
1620 1972 1854 2042 ducitis,
1896 1972 1957 2028 in
2008 1970 2382 2045 praedonum
2431 1970 2592 2028 fuisse

495 2078 789 2149 potestate
820 2072 1058 2129 sciatis?

576 2174 668 2228 An
708 2176 848 2229 vero
889 2169 1164 2244 ignoratis
1209 2179 1444 2243 portum
1489 2171 1727 2228 Caietae
1773 2170 2221 2229 celeberrimum
2267 2189 2339 2229 ac
2384 2170 2591 2247 plenis-

495 2270 704 2327 simum
723 2269 958 2326 navium
981 2274 1349 2340 inspectante
1369 2272 1639 2342 praetore
1654 2274 1689 2325 Ξ
1704 2267 2101 2342 praedonibus
2122 2287 2248 2326 esse
2266 2263 2587 2344 direptum3

495 2385 568 2424 ex
598 2369 832 2424 Μῑεὲηὸ
862 2376 1057 2422 autem
1089 2365 1214 2422 eius
1242 2366 1422 2439 ipsius
1452 2365 1663 2423 liberos
1692 2373 1794 2440 qui
1824 2387 1958 2425 cum
1995 2368 2398 2442 praedonibus
2430 2372 2592 2427 antea

493 2465 572 2521 ibi
617 2464 835 2521 bellum
877 2472 1133 2537 gesserat
1176 2468 1212 2520 Ξ
1254 2463 1651 2537 praedonibus
1696 2483 1824 2522 esse
1872 2466 2173 2524 sublatos?
2257 2469 2417 2524 Nam
2459 2465 2590 2541 quid

494 2580 606 2637 ego
630 2548 902 2619 Ostiense
933 2560 1378 2618 incommodum
1405 2571 1582 2634 atque
1607 2562 1761 2619 illam
1790 2563 1980 2621 labem
2009 2573 2188 2638 atque
2215 2566 2589 2640 ignominiam

493 2667 576 2735 rei
622 2660 888 2734 publicae
933 2676 1159 2731 querar,
1191 2676 1326 2714 cum
1366 2677 1551 2733 prope
1595 2662 2062 2734 inspectantibus
2092 2664 2260 2721 vobis
2303 2663 2504 2720 classis
2531 2679 2591 2717 ea

492 2758 587 2815 cui
617 2756 821 2815 consul
846 2756 1049 2830 populi
1082 2757 1334 2813 Romani
1368 2759 1732 2832 praepositus
1757 2768 1912 2816 esset
1934 2765 1969 2816 Ξ
1991 2761 2398 2833 praedonibus
2427 2769 2593 2834 capta

490 2867 666 2930 atque
697 2872 979 2929 oppressa
1011 2855 1141 2911 est?
1223 2857 1336 2911 Ρῑό
1367 2854 1429 2912 di
1460 2856 1838 2927 immortaleS,
1872 2866 2177 2914 tantamne
2207 2863 2382 2916 finius
2415 2856 2588 2915 homi-

489 2955 578 3011 nis
609 2952 965 3011 incredibilis
996 2970 1065 3008 ac
1096 2951 1292 3009 divina
1318 2954 1501 3010 virtus
1525 2964 1642 3010 tam
1669 2954 1830 3012 brevi
1854 2965 2121 3030 tempore
2147 2956 2343 3013 lficem
2369 2956 2590 3013 adferre

490 3059 573 3109 rei
618 3051 893 3125 publicae
948 3049 1139 3123 potuit
1181 3060 1244 3106 ut
1294 3056 1398 3108 vos
1443 3057 1544 3124 qui
1589 3051 1771 3108 modo
1814 3062 1949 3109 ante
1993 3053 2209 3109 ostium
2251 3054 2588 3112 Tiberinum

490 3149 737 3206 classem
779 3147 1032 3204 hostium
1071 3147 1379 3216 videbatis
1412 3148 1451 3204 ii
1481 3166 1635 3204 nunc
1677 3149 1896 3205 niillam
1935 3149 2086 3206 intra
2116 3136 2350 3208 Oceani
2385 3151 2588 3208 ostium

489 3245 857 3321 praedonum
890 3249 1099 3300 navem
1133 3262 1260 3300 esse
1292 3244 1584 3302 audiatis?

569 3346 764 3416 Atque
822 3342 968 3398 haec
1028 3347 1146 3415 qua
1200 3342 1502 3398 celeritate
1560 3352 1725 3416 gesta
1780 3344 1894 3401 sint
1949 3361 2315 3418 quamquam
2366 3344 2584 3411 videtiS,

489 3451 689 3499 tamen
734 3446 769 3498 Ξ
811 3443 907 3496 me
958 3439 1015 3495 in
1060 3438 1322 3496 dicendo
1370 3439 1795 3513 praetereunda
1840 3446 1960 3498 non
2003 3451 2156 3498 sunt.
2246 3443 2396 3516 Quis
2439 3442 2583 3499 enim

487 3557 770 3613 umquam
814 3547 914 3594 aut
957 3535 1217 3595 obeundi
1260 3541 1463 3611 negoti
1506 3547 1604 3593 aut
1644 3537 2054 3612 consequendi
2082 3544 2366 3612 quaestus
2403 3538 2584 3597 studio

491 3648 609 3696 tam
642 3636 802 3695 brevi
831 3644 1100 3709 tempore
1127 3643 1215 3691 tot
1244 3634 1375 3691 loca
1397 3634 1575 3705 adire,
1597 3641 1790 3692 tantos
1820 3640 2020 3692 cursfis
2050 3636 2354 3695 conficere
2387 3635 2579 3711 potuit,

488 3754 666 3810 quam
698 3732 966 3791 celeriter
995 3732 1107 3789 Cn.
1141 3731 1429 3805 Pompeio
1453 3730 1606 3788 duce
1637 3739 1783 3790 tanti
1811 3732 1947 3791 belli
1975 3733 2234 3808 impetus
2267 3732 2582 3812 navigavit?
