2719 4161
341 237 788 295 EPISTULAE
846 237 960 295 AD
1019 239 1524 298 TERENTIAM
1587 241 1947 299 UXOREM
2075 250 2114 300 2
2126 250 2215 325 59

1092 489 1248 546 XIII

675 616 904 666 'rullius
938 617 1256 669 'terentiae
1292 618 1456 669 Suae
1492 619 1553 670 8.
1588 620 1660 671 D.

191 736 249 794 S.
278 754 332 793 v.
360 734 419 793 b.
451 752 504 792 e.
535 753 591 791 v.
676 734 736 792 Si
763 732 906 809 quid
930 734 1213 793 haberem
1236 736 1401 811 quod
1420 736 1498 795 ad
1522 742 1581 795 te
1603 738 1940 811 scriberem,
1963 740 2222 800 facerem

94 832 168 891 id
204 841 266 890 et
291 831 554 907 pluribus
581 831 776 890 verbis
805 842 865 889 et
895 832 1148 907 saepius.
1235 835 1411 892 Nunc
1434 852 1586 909 quae
1610 836 1725 894 sint
1755 838 1995 912 negotia
2017 838 2181 898 vides
2203 860 2220 912 3

99 948 226 1004 ego
254 939 450 988 autem
480 934 601 1004 quc')
632 928 815 986 modo
844 929 953 987 sim
984 929 1254 988 adfectus
1284 949 1358 989 ex
1391 932 1580 1007 Lept'a‘.
1611 943 1669 991 et
1698 934 1979 993 Trebatio
2002 937 2222 1011 poteris

98 1032 490 1103 06gnoscere.
573 1027 669 1083 Τιῖ
724 1026 816 1084 fac
870 1037 936 1085 ut
992 1036 1153 1085 tuam
1198 1038 1258 1086 et
1306 1028 1534 1088 Tulliae
1587 1030 1988 1091 valetudinem
2032 1039 2221 1094 cure‘S.

99 1125 274 1183 Vah-e.
2283 1141 2310 1194 5

1093 1261 1239 1318 XIV

670 1388 904 1438 Tunius
937 1389 1255 1442 Terentiae
1291 1391 1454 1444 Suae
1489 1393 1552 1444 Β.
1586 1394 1662 1445 D.

193 1507 252 1566 S.
292 1526 349 1565 v.
392 1506 452 1566 b.
498 1525 549 1565 e.
599 1525 650 1565 e.
686 1526 738 1565 v.
852 1508 981 1566 Etsi
1022 1508 1146 1567 eius
1191 1509 1357 1578 modi
1401 1521 1672 1587 tempora
1726 1524 1927 1573 nostra
1979 1527 2113 1575 sunt
2160 1527 2225 1576 ut

110 1605 258 1664 nihil
298 1604 554 1663 habeam
587 1604 749 1679 quod
788 1614 889 1662 aut
925 1610 962 1663 Ξ
997 1610 1054 1664 te
1086 1606 1406 1665 litterarum
1453 1622 1797 1685 exspectem
1831 1622 1934 1671 aut
1980 1614 2106 1689 ipse
2148 1614 2224 1673 ad

113 1715 172 1769 te
228 1710 500 1781 scribam,
551 1720 752 1767 tamen
802 1710 1005 1768 nescio
1056 1716 1176 1786 quo
1228 1711 1413 1770 modo
1458 1723 1517 1770 et
1559 1713 1687 1787 ipse
1735 1718 1956 1771 vestra's
2004 1713 2225 1771 litteras

114 1813 398 1883 exspecto
455 1817 517 1865 et
564 1808 759 1865 scribo
802 1808 880 1866 ad
930 1813 1033 1867 vos
1091 1827 1229 1866 cum
1281 1810 1476 1869 habeo
1519 1817 1621 1885 qui
1664 1809 1827 1868 ferat.
1909 1811 2228 1869 Volumnia

119 1905 320 1965 debuit
358 1906 423 1964 in
458 1910 517 1964 te
555 1904 872 1963 officiosior
905 1924 1033 1965 esse
1071 1926 1250 1983 quam
1289 1908 1415 1979 fuit,
1449 1919 1507 1967 et
1542 1907 1604 1966 id
1639 1909 1833 1984 ipsum
1871 1907 2035 1983 quod
2077 1908 2226 1966 fecit
2264 1930 2319 1961 ιο

117 2005 306 2080 potuit
347 2004 686 2079 diligentius
717 2004 912 2063 facere
943 2015 1002 2063 et
1030 2006 1277 2064 cautiuS.
1363 2007 1739 2082 Quamquam
1770 2008 1883 2065 alia
1910 2017 2044 2065 sunt
2074 2025 2225 2083 quae

122 2105 298 2181 magis
327 2109 601 2163 curemus
639 2104 941 2179 magisque
980 2105 1306 2176 doleamus,
1337 2123 1490 2180 quae
1535 2110 1630 2163 me
1674 2105 1756 2164 ita
1797 2107 2120 2164 conficiunt
2161 2116 2228 2164 ut

122 2203 161 2260 ii
199 2204 507 2262 voluErunt
548 2209 652 2277 qui
694 2208 790 2262 me
832 2203 910 2261 de
955 2208 1090 2260 mea
1131 2203 1427 2262 sententia
1467 2202 1857 2262 detti-metunt.
1961 2204 2124 2262 Curii
2163 2213 2228 2262 ut

123 2301 326 2360 valeas.
410 2303 528 2359 Pri.
558 2302 718 2359 Non.
751 2301 875 2359 Ian.

1115 2451 1226 2508 XV

696 2574 930 2623 'Pullius
963 2574 1283 2624 'terentiae
1321 2572 1485 2623 Suae
1521 2573 1643 2624 Sal.

199 2687 257 2746 Si
299 2685 477 2758 valES,
519 2684 676 2744 bene
723 2695 812 2743 est
832 2705 849 2757 ς
911 2703 1022 2760 ego
1064 2685 1252 2743 valeo.
1364 2683 1785 2742 Valetudinem
1838 2694 1999 2742 tuam
2048 2686 2223 2744 velim
2265 2702 2314 2752 15

129 2787 285 2843 cures
327 2783 776 2860 diligentissime
796 2803 814 2856 ς
858 2802 994 2842 nam
1041 2782 1184 2840 mihi
1228 2792 1288 2841 et
1330 2789 1614 2859 scriptum
1658 2792 1718 2840 et
1761 2783 2092 2841 nuntiatum
2137 2794 2228 2843 est

201 2960 339 3009 Fam.
368 2972 443 3020 14.
476 2970 551 3022 17,
574 2958 772 3007 written
797 2963 847 3006 at
871 2956 1209 3015 Brundisium,
1226 2972 1293 3004 on
1318 2972 1376 3004 or
1399 2955 1552 3004 about
1577 2955 1703 3004 Dec.
1727 2954 1801 3013 18,
1820 2954 1886 3015 48
1910 2967 2005 3004 13.C.
2084 2967 2123 3004 1.
2161 2954 2225 3005 Β.

130 3045 178 3082 v.
198 3035 251 3084 b.
273 3049 321 3086 Θ.
344 3050 430 3085 v.:
484 3035 566 3085 i.e.
601 3035 649 3082 si
681 3035 829 3092 vales,
859 3035 977 3082 bene
1005 3040 1106 3087 est:
1143 3035 1297 3082 valeo.
1394 3046 1438 3094 3.
1478 3045 1598 3094 quo
1624 3067 1636 3080 .
1668 3067 1681 3080 .
1716 3068 1727 3080 .
1757 3031 2069 3080 adfectus:
2117 3032 2228 3080 how

133 3113 339 3160 worried
348 3113 387 3160 I
396 3128 499 3160 am.
522 3111 798 3171 —Lepta
819 3128 830 3158 ε
851 3110 1071 3158 Cicero’s
1077 3111 1364 3175 praefectus
1367 3109 1586 3175 fabrum
1607 3107 1775 3171 (chief
1793 3107 2058 3170 engineer)
2077 3107 2225 3156 while

134 3199 359 3245 governor
397 3187 457 3236 of
497 3185 1100 3235 Cilicia—Trebatio:
1151 3201 1181 3234 a
1216 3185 1411 3234 famous
1445 3183 1587 3247 jurist
1623 3184 1726 3232 and
1762 3183 1862 3242 wit,
1898 3199 1964 3232 an
2000 3183 2225 3233 intimate

137 3259 278 3312 friend
305 3264 362 3312 of
390 3264 585 3312 Cicer0.

204 3341 340 3390 Fam.
384 3353 458 3401 14.
508 3339 582 3399 16,
611 3339 807 3388 written
854 3345 905 3388 at
948 3338 1282 3396 Brundisium,
1318 3337 1430 3401 Jan.
1468 3352 1516 3397 4,
1548 3349 1612 3401 47
1650 3349 1745 3386 13.C.
1838 3337 1883 3385 6.
1931 3335 1993 3386 8.
2016 3350 2072 3385 v.
2097 3338 2224 3386 b.e.

137 3423 177 3460 e.
201 3428 279 3464 v.:
316 3417 397 3466 i.e.
420 3417 468 3464 si
489 3417 637 3474 vales,
664 3416 779 3464 bene
801 3423 903 3469 est:
938 3432 1018 3480 ego
1053 3417 1205 3463 valeo.
1288 3425 1330 3477 7.
1367 3413 1514 3462 nihil
1551 3449 1563 3462 .
1606 3449 1618 3462 .
1657 3450 1668 3462 .
1705 3414 1897 3476 quod:
1937 3414 1976 3460 I
2000 3413 2128 3460 have
2162 3430 2227 3461 no

142 3503 296 3541 reason
333 3500 392 3542 to.
495 3505 540 3553 9.
579 3492 930 3541 Volumnia:
982 3490 1227 3554 probably
1251 3490 1412 3538 either
1450 3506 1479 3537 a
1516 3490 1658 3538 sister
1697 3505 1752 3537 or
1799 3488 2044 3551 daughter
2080 3489 2136 3537 of
2166 3490 2218 3537 P.

140 3563 412 3618 Volumnius
437 3567 756 3632 Eutrapelus,
780 3583 810 3615 a
831 3567 1048 3629 wealthy
1069 3567 1269 3629 knight.
1344 3579 1417 3614 12.
1452 3570 1523 3615 ut
1545 3567 1587 3615 fi
1613 3566 1966 3615 voluerunt:
2006 3566 2226 3614 Cicero’s

144 3639 344 3706 frequent
367 3643 641 3707 complaint
665 3643 774 3692 that
797 3643 862 3692 he
886 3642 977 3692 has
999 3643 1132 3691 been
1155 3643 1208 3691 ill
1232 3642 1442 3691 advised
1472 3642 1541 3704 by
1563 3657 1701 3690 some
1731 3642 1992 3690 malicious
2015 3656 2225 3705 persons

144 3717 236 3766 who
257 3721 532 3783 pretended
554 3726 608 3768 to
633 3720 697 3768 be
722 3719 799 3767 his
828 3719 1030 3768 friends.

207 3796 340 3846 Fam.
369 3809 444 3859 14.
468 3796 516 3855 8,
539 3796 739 3845 written
767 3802 818 3844 at
849 3794 1186 3853 Brundisium,
1216 3795 1347 3858 June
1375 3806 1419 3852 2,
1443 3805 1508 3857 47
1544 3803 1640 3842 1³.C.
