2719 4161
708 180 795 239 IN
858 179 1325 239 CATILINAM
1389 180 1736 260 QUARTA
2131 191 2156 240 1
2175 188 2213 240 2
2231 190 2256 239 1

179 368 316 444 pisse
337 367 513 425 video
535 387 553 440 3
601 365 712 424 sed
744 384 876 424 eam
907 364 1106 423 iudico
1136 382 1266 423 esse
1296 376 1528 441 turpem
1560 377 1620 424 et
1648 366 1951 424 infirmam
1984 375 2043 424 et
2071 365 2266 424 abiec-

178 478 302 524 tam.
385 464 570 539 Quod
617 471 667 522 si
710 462 1031 538 aliquando
1074 463 1317 521 alicuius
1363 464 1557 522 surore
1601 474 1662 521 et
1704 464 1927 523 scelere
1971 464 2271 522 concitata

179 583 366 621 manus
408 565 519 620 ista
565 562 699 637 plfis
736 560 980 618 valuerit
1009 578 1187 635 quam
1218 570 1408 619 vestra
1446 579 1516 618 ac
1560 567 1644 619 rei
1687 561 1958 635 piiblicae
1996 560 2269 636 dignitas,

180 667 260 718 me
283 673 474 719 tamen
501 665 776 717 meorum
802 658 1086 716 sactorum
1109 667 1285 732 atque
1309 658 1692 716 consiliorum
1716 677 2057 734 numquam,
2075 663 2271 733 patres

180 764 497 833 conscripti,
546 756 899 832 paenitEbit.
987 755 1228 813 Etenim
1272 773 1447 828 morS,
1495 774 1674 831 quam
1718 757 1794 814 illi
1841 756 1983 814 mihi
2030 757 2273 817 fortasse

180 857 519 928 minitantur,
567 854 846 912 omnibus
890 863 978 911 est
1020 857 1224 927 parata
1244 873 1262 925 3
1304 859 1461 911 vitae
1508 864 1731 913 tantam
1774 856 2008 915 laudem
2053 863 2274 932 quanta

179 959 265 1012 vos
307 958 397 1012 me
436 958 651 1011 vestris
689 951 942 1008 decretis
989 950 1337 1008 honestastis
1391 956 1568 1010 nemo
1613 962 1703 1013 est
1747 954 2079 1013 adsecutus.
2164 956 2274 1014 Ce-

178 1151 379 1208 tionem
423 1146 793 1207 decrevistis

246 1249 323 1307 Sit
351 1247 554 1323 Scipio
587 1246 779 1303 clarus
809 1245 900 1302 ille
953 1245 1117 1305 cuius
1147 1247 1393 1305 consilio
1426 1258 1605 1323 atque
1637 1249 1848 1307 virtute
1882 1249 2185 1308 Hannibal
2215 1249 2274 1306 in

182 1333 417 1404 africam
448 1346 646 1403 redire
682 1353 858 1417 atque
891 1329 1059 1400 ltalia
1093 1344 1387 1403 decedere
1420 1351 1661 1404 coactus
1692 1357 1820 1420 est3
1864 1352 2102 1405 ornetur
2129 1348 2275 1405 alter

178 1446 372 1501 eximia
412 1443 597 1501 laude
642 1427 967 1512 RfricanuS,
998 1447 1098 1515 qui
1138 1442 1284 1501 duas
1320 1443 1479 1501 urbis
1513 1444 1649 1502 huic
1687 1445 1936 1520 imperio
1975 1445 2272 1503 infestissi-

181 1548 304 1614 maS,
320 1541 755 1615 Karthaginem
775 1540 1298 1615 Numantiamque,
1318 1541 1538 1599 delevit
1558 1563 1575 1615 3
1607 1542 1892 1601 habeatur
1907 1543 1993 1599 vir
2010 1543 2274 1618 egregius

185 1641 367 1698 Paulus
391 1640 489 1697 ille
532 1638 704 1696 ciiius
726 1655 962 1694 currum
984 1641 1088 1695 rex
1111 1639 1552 1713 potentissimus
1574 1640 1881 1715 quondam
1904 1651 1963 1698 et
1987 1640 2274 1698 nobilissi-

182 1757 292 1796 mus
321 1741 531 1796 Perses
556 1735 890 1793 honestavit
910 1756 927 1808 3
972 1736 1047 1793 sit
1069 1742 1311 1794 aeterna
1331 1738 1516 1812 gloria
1546 1739 1785 1811 Marius,
1808 1739 1909 1814 qui
1933 1739 2019 1797 bis
2041 1725 2275 1796 italiam

181 1836 473 1894 obsidione
532 1844 597 1892 et
650 1838 809 1890 metii
859 1833 1151 1892 servitutis
1199 1835 1461 1893 liberavit
1481 1856 1499 1908 3
1560 1842 1954 1912 anteponatur
2001 1837 2275 1896 omnibus

185 1936 500 2011 Pompeius,
546 1936 713 1994 cuius
756 1940 845 1995 res
889 1946 1091 2012 gestae
1133 1946 1310 2011 atque
1362 1937 1604 1996 virtutes
1648 1936 1841 1995 isdem
1877 1936 2090 2011 quibus
2138 1935 2275 1993 solis

181 2051 361 2093 cursus
397 2034 742 2111 regionibus
784 2053 855 2092 ac
897 2034 1161 2093 terminis
1193 2035 1570 2095 continentur
1591 2056 1607 2108 3
1654 2035 1762 2093 erit
1804 2034 2073 2110 profecto
2125 2033 2277 2092 inter

184 2134 370 2191 horum
409 2132 622 2191 landes
653 2132 874 2207 aliquid
902 2132 1020 2190 loci
1060 2142 1298 2191 nostrae
1336 2134 1576 2209 gloriae,
1621 2134 1733 2191 nisi
1772 2134 1924 2192 forte
1965 2133 2148 2190 maius
2188 2143 2277 2191 est

182 2232 503 2303 patefacere
534 2231 706 2287 nobis
739 2231 1067 2305 provincias
1095 2235 1216 2305 quo
1256 2238 1414 2289 exire
1445 2238 1734 2306 possimus
1771 2249 1948 2306 quam
1979 2234 2182 2288 esitare
2212 2239 2276 2288 ut

182 2329 341 2387 etiam
373 2330 454 2386 illi
477 2335 580 2403 qui
612 2329 827 2386 absunt
850 2328 1106 2386 habeant
1135 2334 1255 2403 quo
1285 2330 1540 2388 victores
1570 2340 1947 2388 revertantur.

1161 2431 1537 2505 Quamquam
1572 2438 1660 2486 est
1683 2433 1802 2485 {ino
1833 2428 1964 2485 10εό
1998 2426 2276 2484 condicio

1079 2530 1288 2587 melior
1322 2539 1599 2586 externae
1638 2526 1918 2584 victoriae
1950 2544 2127 2599 quam
2167 2523 2275 2582 do-

1078 2628 1379 2698 mesticae,
1438 2624 1601 2701 quod
1657 2625 1855 2682 hostes
1911 2623 2275 2698 alienigenae

1081 2742 1180 2789 aut
1219 2736 1488 2807 oppressi
1527 2728 1783 2786 serviunt
1825 2735 1925 2784 aut
1960 2727 2182 2796 recepti
2216 2721 2273 2777 in

1077 2829 1398 2888 amicitiam
1434 2826 1728 2887 beneficio
1759 2828 1820 2881 se
1852 2822 2140 2895 obligatos
2170 2837 2273 2893 pu-

1078 2938 1203 2986 tant
1216 2949 1232 3000 3
1285 2934 1387 3002 qui
1435 2936 1632 2984 autem
1674 2942 1747 2981 ex
1782 2924 2028 2979 numero
2062 2918 2274 2974 civium

1080 3026 1382 3085 desnentia'
1450 3024 1643 3098 aliqua
1712 3021 2014 3095 depravati
2080 3015 2278 3073 hoste-es

1080 3125 1302 3199 patriae
1354 3121 1539 3182 semel
1595 3138 1724 3179 esse
1780 3122 2124 3192 coeperunt,
2177 3119 2279 3171 eos

1078 3241 1215 3280 cum
1279 3227 1315 3279 a
1375 3219 1636 3296 pernicie
1693 3224 1777 3276 rei
1827 3215 2099 3291 piiblicae
2146 3229 2277 3286 rep-

1081 3319 1316 3394 puleris,
1361 3337 1474 3376 nec
1514 3324 1572 3375 vi
1613 3316 1890 3374 coiircere
1933 3323 2046 3370 nec
2096 3312 2276 3369 bene-

1081 3418 1218 3475 ficio
1258 3417 1491 3492 placare
1535 3420 1739 3489 possiS.
1841 3412 1975 3485 Qua
2023 3414 2086 3467 re
2137 3409 2280 3466 mihi

192 3528 311 3568 cum
357 3514 598 3589 perditis
645 3515 869 3572 civibus
918 3525 1224 3573 aeternum
1267 3514 1487 3573 bellum
1531 3520 1870 3586 susceptum
1914 3526 2041 3567 esse
2082 3506 2279 3565 video.

197 3608 257 3665 Id
300 3629 411 3685 ego
451 3618 645 3671 vestro
690 3612 1097 3687 bonorumque
1141 3612 1408 3670 omnium
1450 3611 1664 3667 auxilio
1707 3607 2110 3680 memoriaque
2154 3613 2281 3661 tan-

121 3789 127 3794 .
196 3709 374 3765 torum
413 3710 820 3784 periculorum,
851 3728 1004 3784 quae
1038 3714 1159 3768 nc'm
1193 3707 1377 3767 modo
1421 3707 1483 3763 in
1524 3706 1638 3764 hoc
1681 3704 1903 3780 populo
1945 3708 2045 3776 qui
2088 3704 2278 3758 serva-

480 3385 705 3421 PERSEUS

2319 1274 2373 1306 10

2321 1756 2370 1805 ι5

2317 2256 2375 2287 20

2322 3233 2378 3279 30

2323 3719 2374 3765 35
