2719 4161
818 292 973 351 PRO
1036 293 1489 350 MARCELLO
2062 302 2197 373 223

103 473 637 550 nobilissimamque
683 475 961 533 familiam
1006 476 1123 534 iam
1166 475 1243 533 ad
1291 480 1513 551 paucos
1557 475 1860 533 redactam
1898 492 2090 550 paene
2127 476 2203 533 ab

101 572 328 629 interitu
357 572 689 630 vindicasti.
778 574 958 630 Hunc
989 577 1049 630 tsi
1082 573 1255 647 igitur
1284 574 1445 631 diem
1478 579 1591 630 tuis
1627 573 1894 629 maximis
1931 582 1991 629 et
2032 572 2201 630 innu-

102 669 470 727 merabilibus
521 670 1005 745 gratulationibus
1055 670 1179 728 iure
1230 674 1576 744 antepones,
1683 670 1855 726 Haec
1901 670 2060 726 enim
2112 675 2203 728 r‘es

100 770 258 823 tinius
293 776 385 823 est
431 767 667 842 propria
710 767 775 825 C.
811 767 1118 840 Caesaris;
1176 772 1413 825 ceterae
1444 766 1597 824 duce
1630 772 1687 824 te
1717 777 1920 842 gestae
1952 773 2201 843 magnae

102 863 222 920 illae
267 864 536 938 quidem,
580 863 685 922 sed
735 874 934 922 tamen
981 864 1168 922 multo
1215 870 1551 940 magnoque
1598 865 1903 923 comitatu.
2008 866 2202 924 Hiiius
2271 876 2299 928 5

102 971 286 1018 autem
316 969 403 1019 rei
433 967 496 1019 tfi
526 961 686 1020 idem
717 980 780 1020 es
810 973 870 1020 et
899 961 1019 1020 dux
1049 972 1111 1020 et
1139 980 1344 1020 comes
1369 983 1384 1034 ;
1442 981 1594 1038 quae
1628 963 1871 1037 quidem
1908 974 2070 1021 tanta
2112 973 2202 1021 est

102 1069 160 1115 ut
199 1066 459 1134 tropaeis
505 1070 565 1118 et
601 1066 997 1118 monumentis
1036 1067 1149 1118 tuis
1185 1061 1452 1119 adlatura
1494 1061 1683 1118 finem
1717 1061 1791 1119 sit
1821 1067 1983 1120 aetas
2026 1061 2201 1136 (nihil

104 1166 183 1214 est
211 1157 370 1214 enim
402 1176 586 1232 opere
614 1168 674 1215 et
712 1162 887 1216 mansi
925 1158 1146 1216 facturn
1187 1159 1350 1233 quod
1397 1163 1520 1216 non
1563 1159 1881 1234 aliquando
1924 1159 2201 1216 conficiat

106 1263 158 1311 et
202 1259 511 1313 consumat
557 1257 844 1332 vetustas)
869 1276 887 1328 3
933 1265 995 1314 at
1044 1256 1193 1314 haec
1241 1267 1340 1313 tua
1390 1257 1608 1314 iustitia
1656 1267 1716 1314 et
1765 1256 1972 1316 lenitas
2019 1258 2202 1315 animi

107 1351 349 1411 florescit
378 1354 626 1411 cottidie
658 1354 859 1429 magis,
885 1355 965 1411 ita
993 1365 1058 1412 ut
1087 1366 1373 1429 quantum
1404 1361 1517 1413 tuis
1546 1355 1821 1430 operibus
1851 1354 2201 1414 diuturnitas
2246 1377 2300 1409 10

107 1447 381 1523 detrahet,
414 1461 645 1508 tantum
673 1450 901 1509 adserat
931 1452 1217 1511 laudibus,

180 1548 252 1605 Et
281 1554 512 1607 ceteros
541 1549 785 1623 quidem
816 1557 1010 1608 omnis
1031 1551 1281 1609 victores
1311 1549 1600 1609 bellorum
1630 1551 1888 1609 civilium
1919 1550 2033 1609 iam
2063 1562 2200 1609 ante

107 1646 389 1720 aequitate
433 1657 493 1704 et
539 1647 943 1705 misericordia
977 1653 1237 1720 vicera‘s;
1297 1647 1589 1706 hodierno
1624 1652 1764 1706 ve'rc')
1793 1648 1890 1706 die*
1920 1654 1978 1707 te
2009 1649 2200 1724 ipsum

106 1743 299 1802 vicisti.
410 1746 637 1803 Vereor
679 1755 744 1802 ut
786 1745 900 1803 hoc
946 1746 1111 1820 quod
1155 1745 1352 1803 dicam
1411 1744 1659 1821 perinde
1717 1746 1976 1822 intellegi
2018 1747 2202 1821 possit

110 1840 356 1900 auditum
404 1854 582 1918 atque
630 1843 757 1918 ipse
804 1843 1070 1919 cogitans
1116 1845 1343 1901 sentio:
1407 1845 1595 1919 ipsam
1641 1844 1948 1901 victoriam
1992 1845 2197 1902 vicisse
2246 1860 2296 1908 ¹5

111 1938 328 2011 videris,
370 1960 505 1999 cum
556 1959 629 1999 ea
672 1959 824 2016 quae
870 1941 968 1998 illa
1012 1951 1137 2000 erat
1182 1941 1403 2016 adepta
1448 1941 1615 1999 victis
1660 1942 1949 1999 remisisti.
2042 1943 2201 1999 Nam

116 2054 234 2094 eum
278 2039 455 2114 ipsius
490 2039 769 2098 victoriae
814 2039 1168 2098 condicione
1204 2045 1414 2099 omnes
1443 2040 1583 2098 victi
1610 2040 2053 2113 occidissemuS,
2084 2041 2199 2100 cle*-

118 2137 354 2194 mentiae
382 2147 516 2195 tuae
542 2138 764 2195 iudicio
793 2144 1123 2196 conservati
1145 2157 1362 2196 sumus,
1451 2140 1640 2197 R'e'cte
1661 2139 1831 2213 igitur
1850 2143 1998 2196 smus
2022 2140 2200 2197 invic-

118 2242 197 2289 tus
225 2252 303 2306 eS‚
335 2240 368 2292 a
394 2240 514 2309 quo
549 2235 726 2293 etiam
758 2235 938 2310 ipsius
973 2235 1254 2293 victoriae
1285 2236 1564 2294 condicio
1598 2242 1801 2310 visque
1832 2237 2067 2295 devicta
2094 2245 2202 2295 est.

117 2433 225 2482 This
253 2439 339 2483 act
367 2436 418 2484 of
444 2449 635 2497 mercy,
660 2436 998 2498 far-reaching
1023 2439 1075 2484 in
1105 2439 1179 2485 its
1203 2450 1592 2498 consequences,
1624 2440 1795 2486 shows
1827 2437 2061 2486 Caesar-’s
2090 2439 2203 2486 love

1027 2512 1080 2560 of
1108 2525 1277 2572 peace.

186 2621 251 2678 V.
307 2624 498 2697 Atque
531 2623 645 2680 hoc
677 2623 746 2681 C.
778 2624 1047 2682 Caesaris
1079 2623 1381 2695 iudicium,
1414 2628 1611 2699 patres
1654 2629 1991 2699 conscripti,
2023 2643 2199 2699 quam
2245 2649 2301 2681 20

124 2715 221 2775 15ῐὲ
248 2729 442 2794 pateat
474 2720 782 2778 attendite.
854 2720 1082 2780 Omnes
1112 2722 1270 2778 enim
1302 2728 1404 2796 qui
1433 2722 1511 2779 ad
1541 2722 1637 2779 illa
1665 2740 1826 2779 arma
1857 2724 1977 2779 sato
2006 2742 2204 2780 sumus

124 2818 303 2873 nescio
330 2822 448 2892 quo
477 2824 562 2875 rei
592 2818 865 2893 publicae
898 2820 1109 2877 misero
1142 2819 1503 2893 funestoque
1535 2820 1841 2894 compulsi,
1875 2827 1982 2877 etsi
2012 2821 2204 2895 aliqua

126 2913 277 2988 culpa
324 2921 594 2973 tenemur
644 2916 850 2973 erroris
909 2915 1168 2989 hinne-mi,
1222 2918 1444 2974 scelere
1497 2922 1657 2975 certe
1708 2917 1937 2976 liberati
1986 2936 2201 2975 sumus,

129 3009 260 3068 Nam
314 3032 445 3070 cum
509 3015 593 3071 M.
647 3015 991 3072 Marcellum
1051 3014 1510 3090 deprecantibus
1567 3015 1733 3072 vobis
1791 3022 1874 3072 rei
1930 3016 2202 3090 publicae

130 3112 481 3183 c6nserv5vit‚
514 3116 611 3169 me
642 3122 700 3169 et
736 3112 879 3168 mihi
917 3123 976 3170 et
1015 3113 1154 3170 item
1194 3120 1277 3170 rei
1316 3113 1590 3188 publicae
1626 3112 1787 3170 nullo
1821 3112 2203 3188 deprecante,
2246 3133 2296 3183 25

130 3205 353 3281 reliquos
402 3209 797 3284 amplissimos
847 3210 1000 3268 viros
1049 3220 1109 3267 et
1161 3210 1269 3268 sibi
1328 3212 1487 3286 ipsos
1538 3221 1598 3268 et
1647 3210 1871 3286 patriae
1922 3212 2203 3284 reddidit,

199 3380 235 3417 1.
275 3369 832 3432 nobilissimamque
875 3369 1193 3420 familiam:
1254 3387 1323 3420 sc.
1371 3387 1606 3435 quorum.
1697 3385 1741 3435 3.
1794 3372 2204 3434 gratulationi-

131 3441 249 3493 bus:
300 3446 481 3494 Caesar
516 3445 768 3493 mentions
802 3444 943 3493 three
978 3447 1359 3511 thanksgivings
1396 3448 1447 3494 in
1495 3448 1572 3495 his
1608 3448 1767 3496 Gallie
1807 3451 1954 3497 &Varz
2007 3465 2105 3498 one
2141 3450 2199 3497 of

134 3517 271 3568 fifteen
305 3523 424 3585 days
458 3522 509 3569 in
549 3534 609 3585 57
635 3533 747 3579 B.C.,
785 3522 886 3569 and
924 3528 1021 3569 two
1061 3522 1118 3569 of
1153 3530 1338 3584 twenty
1374 3523 1496 3585 days
1532 3523 1655 3572 each
1692 3525 1744 3571 in
1781 3537 1840 3589 55
1881 3527 1982 3574 and
2021 3538 2083 3590 52
2108 3538 2203 3574 B.C.

133 3597 447 3660 respectively3
511 3598 612 3645 Dio
654 3598 853 3645 Cassius
893 3599 1146 3645 mentions
1188 3614 1218 3646 a
1259 3599 1443 3656 fourth,
1482 3600 1538 3647 of
1576 3600 1704 3663 forty
1741 3602 1879 3662 dayS,
1922 3601 1973 3649 in
2009 3601 2075 3661 46
2108 3613 2204 3651 B.C.

134 3668 167 3715 6-
202 3675 362 3722 tanta
397 3676 497 3722 est
529 3676 601 3721 ut
639 3709 650 3720 .
691 3710 701 3720 .
745 3709 757 3721 .
791 3673 1092 3722 florescit:
1133 3674 1497 3731 anacoluthon3
1545 3678 1586 3723 is
1607 3693 1657 3723 so
1682 3684 1832 3738 great
1850 3678 1967 3734 that,
1993 3678 2142 3724 while
2168 3679 2211 3725 it

135 3745 167 3790 is
183 3754 282 3796 true
302 3750 410 3796 tlzat
429 3750 552 3797 time
575 3749 690 3796 will
707 3749 863 3812 bring
881 3765 953 3796 an
979 3750 1083 3797 end
1101 3786 1111 3797 .
1140 3785 1151 3796 .
1178 3786 1188 3797 .
1216 3758 1302 3811 yet
1313 3766 1453 3811 your
1460 3751 1661 3813 justice,
1688 3758 1782 3799 etc.
1857 3765 1930 3811 14.
1955 3752 2205 3812 perinde

134 3824 309 3884 atque:
345 3826 466 3888 just
485 3840 555 3872 as.
627 3837 705 3886 23.
740 3828 1038 3874 tenemur:
1077 3841 1151 3872 we
1175 3832 1311 3872 must
1334 3825 1499 3887 plead
1515 3827 1683 3889 guilty
1704 3833 1765 3873 to.
