2719 4161
528 177 671 245 244
1089 169 1518 226 ORATIONS
1578 169 1685 225 OF
1737 169 2042 225 CICERO

522 353 592 411 C.
630 351 988 424 Caesetium,
1021 353 1087 410 L.
1132 350 1482 424 Corfidium,
1514 352 1621 411 hos
1663 358 1856 411 omnis
1899 353 2128 427 equites
2172 355 2444 423 Romanos
2467 358 2541 426 qui

520 449 736 508 adsunt
763 461 927 510 veste
958 455 1197 522 mutata,
1221 454 1340 507 non
1365 450 1556 508 solum
1586 455 1759 508 notos
1789 451 1896 508 tibi
1918 455 2119 508 vetum
2145 452 2310 509 etiam
2332 450 2542 524 probatos

519 549 691 621 viros,
720 555 822 624 qui
851 553 1050 607 tecum
1081 549 1353 606 fuerunt?
1434 551 1631 623 Atque
1662 547 1749 606 his
1776 549 2187 619 irascebamur,
2219 549 2316 606 hos
2351 552 2543 622 require-

519 647 747 718 bamus,
783 647 870 705 his
912 652 1035 705 non
1076 647 1219 706 nulli
1262 646 1443 706 etiarn
1487 646 1873 705 minabamur.
1959 648 2256 706 Conserva
2293 646 2435 722 igitur
2469 651 2546 703 tuis

458 758 481 806 5
520 750 674 817 suos,
704 755 786 817 ut,
818 764 997 821 quem
1032 744 1108 803 ad
1152 744 1394 803 modum
1435 748 1634 803 cetera
1668 762 1821 819 quae
1857 741 2019 803 dicta
2052 755 2189 803 sunt
2215 750 2251 803 Ξ.
2277 749 2348 817 ῐὲ,
2374 750 2440 801 sic
2467 743 2548 801 hbe

517 843 882 902 vetissimum
912 843 1250 919 reperiatur.

546 1003 655 1050 Yon
686 1004 899 1120 granted
936 1003 1211 1051 Macellus
1242 1003 1298 1050 to
1336 1003 1428 1050 the
1457 1003 1652 1051 wishes
1686 1002 1740 1051 of
1776 1004 1867 1051 tho
1907 1004 2117 1062 senatu
2137 1004 2309 1063 grant
2333 1002 2425 1050 this
2447 1012 2537 1047 man

1160 1073 1215 1118 to
1244 1073 1334 1118 the
1364 1072 1559 1118 wishes
1588 1070 1643 1118 of
1669 1073 1759 1118 the
1789 1072 1980 1131 people.

596 1182 739 1240 XII.
796 1179 977 1255 Quod
1014 1187 1062 1239 si
1095 1181 1329 1256 penitus
1364 1182 1700 1257 perspicere
1735 1199 1938 1256 posses
1970 1180 2350 1240 concordiam
2388 1178 2554 1255 Ligari·

518 1285 704 1351 orum,
748 1286 940 1338 omnis
992 1279 1195 1338 fratres
1238 1285 1437 1339 tecum
1482 1279 1772 1339 iudicares
1815 1279 2010 1338 fuisse.
2094 1281 2190 1336 An
2231 1288 2413 1354 potest
2444 1276 2556 1352 quis-

516 1395 695 1452 quam
739 1377 1011 1436 dubitare
1053 1384 1197 1452 quin
1238 1384 1287 1436 si
1321 1378 1394 1451 Q.
1441 1378 1704 1453 Ligarius
1746 1377 1807 1435 in
1840 1362 2018 1435 italia
2052 1394 2183 1435 esse
2225 1377 2499 1451 potuisset,
2519 1373 2560 1429 in

428 1492 483 1525 10
518 1474 731 1534 eadem
775 1476 1065 1534 sententia
1107 1475 1277 1533 fuerit
1320 1475 1546 1533 futurus
1588 1476 1649 1533 in
1690 1481 1808 1550 qua
1848 1475 2054 1533 fratres
2097 1475 2369 1533 fuerunt?
2455 1471 2560 1545 Quis

518 1582 607 1630 est
635 1579 734 1647 qui
766 1573 974 1630 horum
1014 1577 1370 1631 consensum
1400 1578 1839 1648 conspirantem
1878 1582 1938 1630 et
1980 1590 2174 1647 paene
2211 1572 2499 1631 conflatum
2523 1568 2562 1624 in

517 1669 629 1727 hac
658 1687 846 1745 prope
869 1670 1224 1745 aequalitate
1254 1670 1510 1728 fraterna
1536 1671 1764 1728 noverit
1787 1677 1886 1745 qui
1910 1670 2025 1728 hoc
2054 1675 2178 1729 non
2201 1670 2420 1742 sentiat,
2440 1665 2561 1743 quid-

514 1774 600 1824 vis
639 1768 798 1842 prius
837 1768 1091 1826 futurum
1128 1768 1303 1826 fuisse
1340 1786 1520 1842 quam
1556 1776 1624 1846 ut·
1658 1767 1720 1826 hi
1753 1767 1958 1826 fratres
2002 1768 2263 1827 diversas
2304 1754 2565 1826 sententiis

516 1865 895 1941 fortunasque
925 1867 1347 1939 sequerentur?
1428 1865 1746 1924 Voluntate
1790 1866 1964 1941 igitur
2003 1871 2215 1924 omnes
2257 1870 2447 1923 tecum
2480 1864 2563 1920 fue-

429 1977 478 2025 Ῑ5
518 1974 690 2034 runt3
735 1969 1087 2038 tempestate
1121 1964 1400 2037 abreptus
1445 1973 1532 2020 est
1574 1968 1743 2039 finus,
1773 1970 1874 2038 qui
1909 1970 1957 2021 si
1990 1963 2242 2022 consilio
2270 1964 2329 2022 id
2358 1963 2566 2029 fecisset,

518 2073 672 2120 esset
701 2067 905 2120 eorum
934 2061 1136 2119 similis
1166 2066 1313 2137 quos
1343 2065 1406 2119 tii
1439 2071 1642 2120 tamen
1670 2062 1859 2121 salvos
1889 2079 2017 2121 esse
2046 2063 2302 2122 voluisti.

598 2159 715 2217 Sed
747 2161 876 2217 ierit
911 2159 986 2217 ad
1022 2159 1258 2230 bellum,
1291 2160 1632 2218 dissenserit
1667 2166 1787 2219 non
1822 2166 1858 2218 a
1887 2165 1948 2218 te
1977 2161 2169 2219 solum
2199 2166 2397 2219 verum
2437 2158 2568 2216 etiam

516 2262 552 2314 a
580 2257 847 2314 fratribus
869 2277 884 2328 3
930 2257 989 2314 hi
1021 2261 1078 2314 te
1109 2263 1278 2315 orant
1301 2264 1402 2315 tui.
1463 2258 1760 2332 Equidem
1781 2276 1918 2315 cum
1939 2265 2051 2316 tuis
2074 2259 2349 2317 omnibus
2369 2254 2568 2332 negotiis

516 2355 877 2424 interessem,
912 2356 1198 2413 memoria
1232 2360 1410 2412 teneo
1438 2356 1624 2429 qualis
1651 2357 1724 2413 T.
1757 2355 2019 2430 Ligarius
2061 2366 2340 2431 quaestor
2364 2356 2570 2413 urbinus

423 2470 481 2502 20
516 2452 685 2511 fuerit
734 2458 872 2527 erga
920 2457 978 2510 te‘
1029 2463 1088 2509 et
1137 2453 1484 2528 dignitatem
1531 2463 1709 2511 tuam.
1797 2454 1915 2512 Sed
1963 2472 2176 2529 parum
2225 2465 2314 2513 est
2359 2458 2453 2512 me
2491 2451 2569 2508 hbe

516 2551 890 2622 meminisse;
935 2555 1110 2626 spero
1153 2551 1334 2608 etiarn
1378 2555 1454 2621 te,
1490 2557 1592 2625 qui
1637 2551 1902 2610 oblivisci
1938 2552 2083 2609 nihil
2123 2552 2277 2611 soles
2316 2551 2422 2609 nisi
2466 2549 2570 2607 inifi·

513 2649 644 2720 rias,
695 2649 975 2722 quoniam
1032 2648 1146 2706 hoc
1205 2658 1292 2706 est
1340 2648 1542 2720 animi,
1593 2650 1874 2724 quoniam
1918 2650 2097 2708 etiam
2153 2650 2500 2726 ingeni-tui,
2532 2646 2570 2700 ῐὲ

512 2745 732 2820 aliquid
763 2745 840 2804 de
869 2746 1039 2803 huius
1068 2746 1168 2803 illo
1196 2747 1534 2820 quaestorio
1564 2747 1763 2806 officio
1792 2748 1971 2807 etiam
2002 2747 2080 2806 de
2109 2747 2237 2806 aliis
2266 2744 2573 2824 quibusdam

513 2844 923 2919 quaestoribus
952 2844 1434 2902 reminiscentem
1463 2844 1777 2904 recordari
1868 2847 1990 2903 Hic
2034 2845 2209 2920 igitur
2235 2848 2309 2904 T.
2340 2843 2572 2921 Ligarius,

601 3024 641 3060 1.
687 3012 754 3060 1..
786 3011 1146 3062 Corfidium:
1184 3029 1251 3061 no
1279 3013 1457 3076 longer
1490 3029 1677 3076 among
1702 3013 1789 3062 the
1824 3004 1981 3076 living
2008 3019 2059 3062 at
2093 3012 2195 3062 this
2230 3014 2367 3062 time.
2440 3011 2572 3061 Cicero

512 3086 717 3135 himself
735 3087 1118 3149 acknowledges
1142 3088 1219 3137 his
1244 3090 1457 3137 mistake
1482 3089 1533 3137 in
1563 3105 1660 3138 one
1697 3090 1753 3139 of
1773 3090 1851 3138 his
1874 3090 2045 3138 letters
2068 3095 2120 3138 to
2142 3091 2358 3150 Atticus,
2378 3090 2472 3138 and
2492 3082 2572 3134 askS

513 3170 564 3211 to
600 3162 728 3210 have
759 3163 846 3210 the
879 3178 1025 3211 name
1058 3164 1146 3213 left
1183 3171 1269 3213 out
1304 3166 1371 3228 by
1404 3165 1492 3214 the
1526 3167 1759 3230 copyistS.
1839 3179 1883 3214 2.
1927 3169 2194 3215 mutata:
2241 3166 2328 3216 i.e.
2368 3160 2571 3231 squalida-

513 3252 560 3301 3.
594 3239 708 3288 hos
752 3239 1232 3300 requirebamus:
1288 3259 1362 3290 we
1397 3245 1603 3291 wanted
1631 3244 1760 3290 them
1800 3242 1922 3291 with
1955 3258 2029 3290 us.
2124 3255 2199 3291 10.
2249 3244 2313 3291 in
2355 3255 2488 3304 qua:
2524 3250 2571 3281 αδ·

518 3328 591 3364 11.
629 3315 1103 3375 conspirantem:
1152 3318 1955 3369 harmonious.—conssatam:
2010 3318 2260 3366 identical
2290 3319 2389 3381 (lit.
2411 3311 2572 3384 fused)·

517 3405 589 3441 12.
614 3392 1012 3453 aequalitate:
1042 3392 1122 3441 i.e.
1140 3396 1343 3456 aequali
1361 3403 1530 3443 aetate.
1547 3422 1608 3430 -—-
1625 3395 1871 3456 quidvis
1895 3431 1908 3443 .
1932 3429 1946 3442 .
1973 3429 1985 3442 .
2008 3394 2197 3443 fuisse
2217 3410 2229 3439 :
2255 3395 2367 3441 that
2378 3389 2574 3455 anylhing

509 3469 759 3525 whatever
784 3468 959 3516 would
984 3468 1111 3516 have
1146 3469 1260 3516 been
1297 3486 1433 3518 more
1468 3471 1617 3533 likely
1650 3479 1695 3518 to
1727 3472 1940 3534 huppen.
2038 3482 2111 3533 15.
2161 3471 2453 3530 abreptus
2480 3466 2568 3514 est:

508 3562 613 3594 was
645 3552 797 3608 swept
827 3544 1188 3607 away.—qui
1223 3545 1302 3593 si:
1342 3547 1457 3594 and
1484 3563 1603 3594 even
1642 3547 1699 3610 zf
1779 3547 1849 3595 16.
1898 3549 2093 3596 esset:
2136 3546 2197 3593 ke
2221 3546 2401 3594 would
2419 3541 2509 3593 still
2525 3538 2567 3583 b!-

515 3635 588 3685 17.
612 3622 780 3671 ierit:
817 3628 1020 3683 suppose
1040 3620 1100 3668 lte
1123 3620 1219 3667 did
1223 3637 1303 3684 go.
1369 3621 1442 3670 18.
1472 3621 1532 3670 hi
1555 3622 1673 3671 tui:
1702 3623 1825 3671 these
1849 3639 1979 3681 men,
1995 3637 2135 3686 your
2134 3622 2369 3688 friends.
2423 3633 2488 3670 22.
2504 3619 2567 3664 te:

509 3698 746 3761 repeated
774 3696 900 3745 from
931 3695 961 3744 l.
988 3709 1066 3745 21.
1571 3731 1577 3737 .
