<?xml version="1.0" encoding="UTF-8"?>
<!DOCTYPE html PUBLIC "-//W3C//DTD XHTML 1.0 Transitional//EN"
    "http://www.w3.org/TR/xhtml1/DTD/xhtml1-transitional.dtd">
<html xmlns="http://www.w3.org/1999/xhtml" xml:lang="en" lang="en">
 <head>
  <title>
</title>
<meta http-equiv="Content-Type" content="text/html;charset=utf-8" />
  <meta name='ocr-system' content='tesseract 3.04.00' />
  <meta name='ocr-capabilities' content='ocr_page ocr_carea ocr_par ocr_line ocrx_word'/>
</head>
<body>
  <div class='ocr_page' id='page_1' title='image "./tenorationswith00mincgoog_0197.png"; bbox 0 0 2719 4161; ppageno 0'>
   <div class='ocr_carea' id='block_1_1' title="bbox 861 235 2187 328">
    <p class='ocr_par' dir='ltr' id='par_1_1' title="bbox 861 235 2187 328">
     <span class='ocr_line' id='line_1_1' title="bbox 861 235 2187 328; baseline 0.005 -29"><span class='ocrx_word' id='word_1_1' title='bbox 861 240 1020 300; x_wconf 83' lang='lat' dir='ltr'>PRO</span> <span class='ocrx_word' id='word_1_2' title='bbox 1082 243 1413 303; x_wconf 80' lang='lat' dir='ltr'><strong>MILONE</strong></span> <span class='ocrx_word' id='word_1_3' title='bbox 2055 258 2080 305; x_wconf 94' lang='lat'>1</span> <span class='ocrx_word' id='word_1_4' title='bbox 2098 235 2187 328; x_wconf 93' lang='lat'>69</span> 
     </span>
    </p>
   </div>
   <div class='ocr_carea' id='block_1_2' title="bbox 67 423 2193 2266">
    <p class='ocr_par' dir='ltr' id='par_1_2' title="bbox 67 423 2191 776">
     <span class='ocr_line' id='line_1_2' title="bbox 67 423 2191 502; baseline 0.004 -21"><span class='ocrx_word' id='word_1_5' title='bbox 67 432 204 481; x_wconf 89' lang='lat' dir='ltr'>tum</span> <span class='ocrx_word' id='word_1_6' title='bbox 249 423 441 481; x_wconf 93' lang='lat' dir='ltr'>modo</span> <span class='ocrx_word' id='word_1_7' title='bbox 485 430 649 483; x_wconf 67' lang='lat' dir='ltr'>extra</span> <span class='ocrx_word' id='word_1_8' title='bbox 690 424 980 499; x_wconf 70' lang='lat' dir='ltr'>ordinem,</span> <span class='ocrx_word' id='word_1_9' title='bbox 1025 433 1421 502; x_wconf 67' lang='lat' dir='ltr'>quaereretur.</span> <span class='ocrx_word' id='word_1_10' title='bbox 1517 431 1719 489; x_wconf 88' lang='lat' dir='ltr'>Divisa</span> <span class='ocrx_word' id='word_1_11' title='bbox 1756 431 2053 490; x_wconf 88' lang='lat' dir='ltr'>sententia</span> <span class='ocrx_word' id='word_1_12' title='bbox 2103 441 2191 489; x_wconf 90' lang='lat' dir='ltr'>est</span> 
     </span>
     <span class='ocr_line' id='line_1_3' title="bbox 67 522 2190 597; baseline 0.004 -19"><span class='ocrx_word' id='word_1_13' title='bbox 67 522 422 596; x_wconf 87' lang='lat' dir='ltr'>postulante</span> <span class='ocrx_word' id='word_1_14' title='bbox 478 522 684 580; x_wconf 71' lang='lat' dir='ltr'>nescio</span> <span class='ocrx_word' id='word_1_15' title='bbox 734 528 872 597; x_wconf 71' lang='lat' dir='ltr'>quo,</span> <span class='ocrx_word' id='word_1_16' title='bbox 937 524 1080 582; x_wconf 90' lang='lat' dir='ltr'>nihil</span> <span class='ocrx_word' id='word_1_17' title='bbox 1127 526 1285 583; x_wconf 89' lang='lat' dir='ltr'>enim</span> <span class='ocrx_word' id='word_1_18' title='bbox 1338 544 1583 586; x_wconf 91' lang='lat' dir='ltr'>necesse</span> <span class='ocrx_word' id='word_1_19' title='bbox 1634 538 1724 586; x_wconf 89' lang='lat' dir='ltr'>est</span> <span class='ocrx_word' id='word_1_20' title='bbox 1780 529 2046 586; x_wconf 91' lang='lat' dir='ltr'>omnium</span> <span class='ocrx_word' id='word_1_21' title='bbox 2094 534 2190 587; x_wconf 73' lang='lat' dir='ltr'>me</span> 
     </span>
     <span class='ocr_line' id='line_1_4' title="bbox 71 619 2188 701; baseline 0.004 -26"><span class='ocrx_word' id='word_1_22' title='bbox 71 620 300 698; x_wconf 69' lang='lat' dir='ltr'>flagitia</span> <span class='ocrx_word' id='word_1_23' title='bbox 344 619 627 693; x_wconf 71' lang='lat' dir='ltr'>proferre.</span> <span class='ocrx_word' id='word_1_24' title='bbox 713 621 805 679; x_wconf 89' lang='lat' dir='ltr'>Sic</span> <span class='ocrx_word' id='word_1_25' title='bbox 850 622 1075 696; x_wconf 87' lang='lat' dir='ltr'>reliqua</span> <span class='ocrx_word' id='word_1_26' title='bbox 1115 624 1432 683; x_wconf 65' lang='lat' dir='ltr'>auctoritas</span> <span class='ocrx_word' id='word_1_27' title='bbox 1475 630 1712 684; x_wconf 62' lang='lat' dir='ltr'>senati-is</span> <span class='ocrx_word' id='word_1_28' title='bbox 1757 631 1959 701; x_wconf 67' lang='lat' dir='ltr'>empta</span> <span class='ocrx_word' id='word_1_29' title='bbox 2014 627 2188 684; x_wconf 90' lang='lat' dir='ltr'>inter-</span> 
     </span>
     <span class='ocr_line' id='line_1_5' title="bbox 70 717 773 776; baseline 0 -1"><span class='ocrx_word' id='word_1_30' title='bbox 70 719 351 775; x_wconf 69' lang='lat' dir='ltr'>cessione</span> <span class='ocrx_word' id='word_1_31' title='bbox 396 717 627 775; x_wconf 68' lang='lat' dir='ltr'>sublata</span> <span class='ocrx_word' id='word_1_32' title='bbox 669 727 773 776; x_wconf 89' lang='lat' dir='ltr'>est.</span> 
     </span>
    </p>

    <p class='ocr_par' dir='ltr' id='par_1_3' title="bbox 76 815 2193 2266">
     <span class='ocr_line' id='line_1_6' title="bbox 155 815 2193 893; baseline 0.003 -20"><span class='ocrx_word' id='word_1_33' title='bbox 155 818 237 873; x_wconf 88' lang='lat' dir='ltr'>At</span> <span class='ocrx_word' id='word_1_34' title='bbox 284 815 448 873; x_wconf 93' lang='lat' dir='ltr'>enim</span> <span class='ocrx_word' id='word_1_35' title='bbox 479 815 591 873; x_wconf 91' lang='lat' dir='ltr'>Cn.</span> <span class='ocrx_word' id='word_1_36' title='bbox 625 817 942 892; x_wconf 68' lang='lat' dir='ltr'>Pompeius</span> <span class='ocrx_word' id='word_1_37' title='bbox 984 819 1289 893; x_wconf 66' lang='lat' dir='ltr'>rogatione</span> <span class='ocrx_word' id='word_1_38' title='bbox 1332 826 1438 879; x_wconf 64' lang='lat' dir='ltr'>sua</span> <span class='ocrx_word' id='word_1_39' title='bbox 1481 830 1540 879; x_wconf 91' lang='lat' dir='ltr'>et</span> <span class='ocrx_word' id='word_1_40' title='bbox 1582 821 1659 880; x_wconf 73' lang='lat' dir='ltr'>de</span> <span class='ocrx_word' id='word_1_41' title='bbox 1702 825 1764 880; x_wconf 69' lang='lat' dir='ltr'>re</span> <span class='ocrx_word' id='word_1_42' title='bbox 1806 831 1867 879; x_wconf 91' lang='lat' dir='ltr'>et</span> <span class='ocrx_word' id='word_1_43' title='bbox 1909 820 1986 879; x_wconf 67' lang='lat' dir='ltr'>de</span> <span class='ocrx_word' id='word_1_44' title='bbox 2016 827 2193 880; x_wconf 68' lang='lat' dir='ltr'>causa</span> 
     </span>
     <span class='ocr_line' id='line_1_7' title="bbox 76 913 2190 994; baseline 0.003 -24"><span class='ocrx_word' id='word_1_45' title='bbox 76 913 366 971; x_wconf 67' lang='lat' dir='ltr'>iudicavit</span> <span class='ocrx_word' id='word_1_46' title='bbox 381 934 399 985; x_wconf 83' lang='lat'><em>3</em></span> <span class='ocrx_word' id='word_1_47' title='bbox 447 913 577 971; x_wconf 90' lang='lat' dir='ltr'>tulit</span> <span class='ocrx_word' id='word_1_48' title='bbox 621 914 779 971; x_wconf 91' lang='lat' dir='ltr'>enim</span> <span class='ocrx_word' id='word_1_49' title='bbox 823 914 900 973; x_wconf 72' lang='lat' dir='ltr'>de</span> <span class='ocrx_word' id='word_1_50' title='bbox 942 916 1128 975; x_wconf 89' lang='lat' dir='ltr'>caede</span> <span class='ocrx_word' id='word_1_51' title='bbox 1165 935 1318 992; x_wconf 88' lang='lat' dir='ltr'>quae</span> <span class='ocrx_word' id='word_1_52' title='bbox 1362 918 1422 975; x_wconf 92' lang='lat' dir='ltr'>in</span> <span class='ocrx_word' id='word_1_53' title='bbox 1456 919 1654 994; x_wconf 67' lang='lat' dir='ltr'>Appia</span> <span class='ocrx_word' id='word_1_54' title='bbox 1685 920 1780 976; x_wconf 70' lang='lat' dir='ltr'>via</span> <span class='ocrx_word' id='word_1_55' title='bbox 1818 919 1972 976; x_wconf 86' lang='lat' dir='ltr'>facta</span> <span class='ocrx_word' id='word_1_56' title='bbox 2017 929 2190 991; x_wconf 86' lang='lat' dir='ltr'>esset,</span> 
     </span>
     <span class='ocr_line' id='line_1_8' title="bbox 76 1010 2192 1092; baseline 0.003 -24"><span class='ocrx_word' id='word_1_57' title='bbox 76 1013 135 1068; x_wconf 89' lang='lat' dir='ltr'>in</span> <span class='ocrx_word' id='word_1_58' title='bbox 167 1018 289 1087; x_wconf 67' lang='lat' dir='ltr'>qua</span> <span class='ocrx_word' id='word_1_59' title='bbox 333 1013 400 1069; x_wconf 91' lang='lat' dir='ltr'>P.</span> <span class='ocrx_word' id='word_1_60' title='bbox 439 1010 684 1069; x_wconf 72' lang='lat' dir='ltr'>Clodius</span> <span class='ocrx_word' id='word_1_61' title='bbox 724 1019 953 1071; x_wconf 88' lang='lat' dir='ltr'>occisus</span> <span class='ocrx_word' id='word_1_62' title='bbox 984 1025 1156 1072; x_wconf 90' lang='lat' dir='ltr'>esset.</span> <span class='ocrx_word' id='word_1_63' title='bbox 1244 1015 1406 1089; x_wconf 89' lang='lat' dir='ltr'>Quid</span> <span class='ocrx_word' id='word_1_64' title='bbox 1437 1021 1580 1091; x_wconf 72' lang='lat' dir='ltr'>ergo</span> <span class='ocrx_word' id='word_1_65' title='bbox 1611 1017 1780 1074; x_wconf 86' lang='lat' dir='ltr'>tulit?</span> <span class='ocrx_word' id='word_1_66' title='bbox 1862 1017 2097 1092; x_wconf 88' lang='lat' dir='ltr'><strong>Nempe</strong></span> <span class='ocrx_word' id='word_1_67' title='bbox 2128 1026 2192 1074; x_wconf 90' lang='lat' dir='ltr'>ut</span> 
     </span>
     <span class='ocr_line' id='line_1_9' title="bbox 78 1109 2192 1186; baseline 0.002 -19"><span class='ocrx_word' id='word_1_68' title='bbox 78 1114 489 1184; x_wconf 70' lang='lat' dir='ltr'>quaereretur.</span> <span class='ocrx_word' id='word_1_69' title='bbox 562 1109 722 1182; x_wconf 88' lang='lat' dir='ltr'>Quid</span> <span class='ocrx_word' id='word_1_70' title='bbox 748 1116 927 1186; x_wconf 74' lang='lat' dir='ltr'>porro</span> <span class='ocrx_word' id='word_1_71' title='bbox 948 1112 1356 1186; x_wconf 91' lang='lat' dir='ltr'>quaerendum</span> <span class='ocrx_word' id='word_1_72' title='bbox 1377 1116 1507 1172; x_wconf 84' lang='lat' dir='ltr'>est?</span> <span class='ocrx_word' id='word_1_73' title='bbox 1577 1115 1903 1172; x_wconf 89' lang='lat' dir='ltr'>Factumne</span> <span class='ocrx_word' id='word_1_74' title='bbox 1934 1115 2050 1172; x_wconf 84' lang='lat' dir='ltr'>sit?</span> <span class='ocrx_word' id='word_1_75' title='bbox 2114 1117 2192 1173; x_wconf 92' lang='lat' dir='ltr'>At</span> 
     </span>
     <span class='ocr_line' id='line_1_10' title="bbox 79 1194 2192 1288; baseline 0.003 -23"><span class='ocrx_word' id='word_1_76' title='bbox 79 1213 333 1267; x_wconf 71' lang='lat' dir='ltr'>constat.</span> <span class='ocrx_word' id='word_1_77' title='bbox 429 1194 481 1265; x_wconf 82' lang='grc' dir='ltr'>Ᾰ</span> <span class='ocrx_word' id='word_1_78' title='bbox 503 1211 666 1284; x_wconf 70' lang='lat' dir='ltr'>quo?</span> <span class='ocrx_word' id='word_1_79' title='bbox 745 1212 825 1268; x_wconf 94' lang='lat' dir='ltr'>At</span> <span class='ocrx_word' id='word_1_80' title='bbox 855 1216 1040 1285; x_wconf 69' lang='lat' dir='ltr'>paret.</span> <span class='ocrx_word' id='word_1_81' title='bbox 1122 1212 1289 1270; x_wconf 91' lang='lat' dir='ltr'>Vidit</span> <span class='ocrx_word' id='word_1_82' title='bbox 1318 1212 1496 1288; x_wconf 87' lang='lat' dir='ltr'>igitur</span> <span class='ocrx_word' id='word_1_83' title='bbox 1524 1213 1702 1271; x_wconf 89' lang='lat' dir='ltr'>etiam</span> <span class='ocrx_word' id='word_1_84' title='bbox 1733 1213 1792 1270; x_wconf 91' lang='lat' dir='ltr'>in</span> <span class='ocrx_word' id='word_1_85' title='bbox 1820 1213 2192 1272; x_wconf 70' lang='lat' dir='ltr'>confessione</span> 
     </span>
     <span class='ocr_line' id='line_1_11' title="bbox 80 1306 2189 1385; baseline 0.002 -22"><span class='ocrx_word' id='word_1_86' title='bbox 80 1306 218 1364; x_wconf 87' lang='lat' dir='ltr'>facti</span> <span class='ocrx_word' id='word_1_87' title='bbox 253 1307 397 1364; x_wconf 66' lang='lat' dir='ltr'>iuris</span> <span class='ocrx_word' id='word_1_88' title='bbox 434 1316 633 1365; x_wconf 91' lang='lat' dir='ltr'>tamen</span> <span class='ocrx_word' id='word_1_89' title='bbox 670 1307 1077 1367; x_wconf 69' lang='lat' dir='ltr'>defensionem</span> <span class='ocrx_word' id='word_1_90' title='bbox 1115 1310 1334 1385; x_wconf 81' lang='lat' dir='ltr'>suscipi</span> <span class='ocrx_word' id='word_1_91' title='bbox 1366 1328 1561 1385; x_wconf 90' lang='lat' dir='ltr'>posse.</span> <span class='ocrx_word' id='word_1_92' title='bbox 1659 1310 1838 1384; x_wconf 91' lang='lat' dir='ltr'>Quod</span> <span class='ocrx_word' id='word_1_93' title='bbox 1875 1311 1986 1368; x_wconf 91' lang='lat' dir='ltr'>nisi</span> <span class='ocrx_word' id='word_1_94' title='bbox 2015 1310 2189 1368; x_wconf 90' lang='lat' dir='ltr'>vidis-</span> 
     </span>
     <span class='ocr_line' id='line_1_12' title="bbox 84 1406 2190 1481; baseline 0.002 -20"><span class='ocrx_word' id='word_1_95' title='bbox 84 1416 174 1462; x_wconf 85' lang='lat' dir='ltr'>set</span> <span class='ocrx_word' id='word_1_96' title='bbox 215 1423 397 1480; x_wconf 91' lang='lat' dir='ltr'>posse</span> <span class='ocrx_word' id='word_1_97' title='bbox 449 1406 676 1463; x_wconf 87' lang='lat' dir='ltr'>absolvi</span> <span class='ocrx_word' id='word_1_98' title='bbox 726 1425 858 1463; x_wconf 90' lang='lat' dir='ltr'>eum</span> <span class='ocrx_word' id='word_1_99' title='bbox 913 1413 1016 1481; x_wconf 92' lang='lat' dir='ltr'>qui</span> <span class='ocrx_word' id='word_1_100' title='bbox 1066 1407 1358 1479; x_wconf 70' lang='lat' dir='ltr'>fat&#39;e‘retur,</span> <span class='ocrx_word' id='word_1_101' title='bbox 1404 1427 1542 1466; x_wconf 88' lang='lat' dir='ltr'>cum</span> <span class='ocrx_word' id='word_1_102' title='bbox 1586 1408 1812 1466; x_wconf 75' lang='lat' dir='ltr'>videtet</span> <span class='ocrx_word' id='word_1_103' title='bbox 1854 1413 1963 1465; x_wconf 75' lang='grc' dir='ltr'>τιὸε</span> <span class='ocrx_word' id='word_1_104' title='bbox 2006 1409 2190 1480; x_wconf 70' lang='lat' dir='ltr'>fateri,</span> 
     </span>
     <span class='ocr_line' id='line_1_13' title="bbox 83 1505 2192 1579; baseline 0.001 -18"><span class='ocrx_word' id='word_1_105' title='bbox 83 1522 278 1578; x_wconf 89' lang='lat' dir='ltr'>neque</span> <span class='ocrx_word' id='word_1_106' title='bbox 308 1511 517 1579; x_wconf 90' lang='lat' dir='ltr'>quaeri</span> <span class='ocrx_word' id='word_1_107' title='bbox 558 1522 841 1579; x_wconf 89' lang='lat' dir='ltr'>umquam</span> <span class='ocrx_word' id='word_1_108' title='bbox 884 1505 1143 1563; x_wconf 91' lang='lat' dir='ltr'>iussisset</span> <span class='ocrx_word' id='word_1_109' title='bbox 1185 1523 1298 1563; x_wconf 91' lang='lat' dir='ltr'>nec</span> <span class='ocrx_word' id='word_1_110' title='bbox 1327 1507 1496 1563; x_wconf 69' lang='lat' dir='ltr'>vobis</span> <span class='ocrx_word' id='word_1_111' title='bbox 1536 1515 1655 1563; x_wconf 88' lang='lat' dir='ltr'>tam</span> <span class='ocrx_word' id='word_1_112' title='bbox 1697 1506 1848 1563; x_wconf 88' lang='lat' dir='ltr'>hanc</span> <span class='ocrx_word' id='word_1_113' title='bbox 1880 1506 2192 1563; x_wconf 67' lang='lat' dir='ltr'>salutarem</span> 
     </span>
     <span class='ocr_line' id='line_1_14' title="bbox 84 1602 2193 1685; baseline 0.001 -28"><span class='ocrx_word' id='word_1_114' title='bbox 84 1602 143 1658; x_wconf 89' lang='lat' dir='ltr'>in</span> <span class='ocrx_word' id='word_1_115' title='bbox 172 1602 502 1660; x_wconf 67' lang='lat' dir='ltr'>iudicando</span> <span class='ocrx_word' id='word_1_116' title='bbox 530 1603 790 1659; x_wconf 88' lang='lat' dir='ltr'>litteram</span> <span class='ocrx_word' id='word_1_117' title='bbox 818 1620 996 1677; x_wconf 90' lang='lat' dir='ltr'>quam</span> <span class='ocrx_word' id='word_1_118' title='bbox 1041 1603 1198 1660; x_wconf 90' lang='lat' dir='ltr'>illam</span> <span class='ocrx_word' id='word_1_119' title='bbox 1242 1610 1470 1685; x_wconf 81' lang='lat' dir='ltr'>tristem</span> <span class='ocrx_word' id='word_1_120' title='bbox 1501 1603 1803 1681; x_wconf 40' lang='lat' dir='ltr'>dedisset..</span> <span class='ocrx_word' id='word_1_121' title='bbox 1870 1603 2022 1661; x_wconf 89' lang='lat' dir='ltr'>Mihi</span> <span class='ocrx_word' id='word_1_122' title='bbox 2051 1608 2193 1662; x_wconf 76' lang='grc' dir='ltr'>νέτὸ</span> 
     </span>
     <span class='ocr_line' id='line_1_15' title="bbox 87 1699 2191 1775; baseline 0.001 -19"><span class='ocrx_word' id='word_1_123' title='bbox 87 1699 193 1758; x_wconf 90' lang='lat' dir='ltr'>Cn.</span> <span class='ocrx_word' id='word_1_124' title='bbox 218 1700 546 1774; x_wconf 68' lang='lat' dir='ltr'>Pompeius</span> <span class='ocrx_word' id='word_1_125' title='bbox 568 1704 690 1757; x_wconf 98' lang='grc' dir='ltr'>ηὸτι</span> <span class='ocrx_word' id='word_1_126' title='bbox 713 1699 898 1758; x_wconf 93' lang='lat' dir='ltr'>modo</span> <span class='ocrx_word' id='word_1_127' title='bbox 920 1700 1064 1757; x_wconf 89' lang='lat' dir='ltr'>nihil</span> <span class='ocrx_word' id='word_1_128' title='bbox 1092 1701 1321 1775; x_wconf 88' lang='lat' dir='ltr'>gravius</span> <span class='ocrx_word' id='word_1_129' title='bbox 1344 1707 1554 1759; x_wconf 67' lang='lat' dir='ltr'>contra</span> <span class='ocrx_word' id='word_1_130' title='bbox 1584 1702 1872 1759; x_wconf 71' lang='lat' dir='ltr'>Milonem</span> <span class='ocrx_word' id='word_1_131' title='bbox 1902 1700 2191 1759; x_wconf 67' lang='lat' dir='ltr'>iudicasse</span> 
     </span>
     <span class='ocr_line' id='line_1_16' title="bbox 86 1797 2192 1874; baseline 0 -20"><span class='ocrx_word' id='word_1_132' title='bbox 86 1797 190 1855; x_wconf 91' lang='lat' dir='ltr'>sed</span> <span class='ocrx_word' id='word_1_133' title='bbox 220 1799 402 1855; x_wconf 93' lang='lat' dir='ltr'>etiam</span> <span class='ocrx_word' id='word_1_134' title='bbox 434 1798 703 1855; x_wconf 87' lang='lat' dir='ltr'>statuisse</span> <span class='ocrx_word' id='word_1_135' title='bbox 732 1797 963 1856; x_wconf 69' lang='lat' dir='ltr'>videtur</span> <span class='ocrx_word' id='word_1_136' title='bbox 991 1798 1135 1873; x_wconf 91' lang='lat' dir='ltr'>quid</span> <span class='ocrx_word' id='word_1_137' title='bbox 1163 1804 1268 1856; x_wconf 72' lang='lat' dir='ltr'>vos</span> <span class='ocrx_word' id='word_1_138' title='bbox 1297 1799 1356 1855; x_wconf 93' lang='lat' dir='ltr'>in</span> <span class='ocrx_word' id='word_1_139' title='bbox 1381 1797 1702 1857; x_wconf 73' lang='lat' dir='ltr'>iiidicando</span> <span class='ocrx_word' id='word_1_140' title='bbox 1726 1804 1993 1874; x_wconf 71' lang='lat' dir='ltr'>spectare</span> <span class='ocrx_word' id='word_1_141' title='bbox 2017 1816 2192 1873; x_wconf 92' lang='lat' dir='ltr'>opor-</span> 
     </span>
     <span class='ocr_line' id='line_1_17' title="bbox 89 1896 2192 1970; baseline 0 -18"><span class='ocrx_word' id='word_1_142' title='bbox 89 1900 254 1953; x_wconf 68' lang='lat' dir='ltr'>teret.</span> <span class='ocrx_word' id='word_1_143' title='bbox 368 1896 529 1953; x_wconf 90' lang='lat' dir='ltr'>Nam</span> <span class='ocrx_word' id='word_1_144' title='bbox 573 1902 676 1970; x_wconf 90' lang='lat' dir='ltr'>qui</span> <span class='ocrx_word' id='word_1_145' title='bbox 730 1900 852 1953; x_wconf 82' lang='grc' dir='ltr'>τιὸτι</span> <span class='ocrx_word' id='word_1_146' title='bbox 906 1914 1164 1970; x_wconf 90' lang='lat' dir='ltr'>poenam</span> <span class='ocrx_word' id='word_1_147' title='bbox 1221 1896 1579 1954; x_wconf 70' lang='lat' dir='ltr'>confessioni</span> <span class='ocrx_word' id='word_1_148' title='bbox 1635 1896 1741 1954; x_wconf 91' lang='lat' dir='ltr'>sed</span> <span class='ocrx_word' id='word_1_149' title='bbox 1785 1896 2192 1953; x_wconf 69' lang='lat' dir='ltr'>defensionem</span> 
     </span>
     <span class='ocr_line' id='line_1_18' title="bbox 91 1992 2191 2069; baseline 0 -20"><span class='ocrx_word' id='word_1_150' title='bbox 91 1992 270 2064; x_wconf 90' lang='lat' dir='ltr'>dedit,</span> <span class='ocrx_word' id='word_1_151' title='bbox 316 1993 366 2051; x_wconf 89' lang='lat' dir='ltr'>is</span> <span class='ocrx_word' id='word_1_152' title='bbox 407 2011 648 2051; x_wconf 85' lang='lat' dir='ltr'>causam</span> <span class='ocrx_word' id='word_1_153' title='bbox 691 1993 957 2051; x_wconf 66' lang='lat' dir='ltr'>interitus</span> <span class='ocrx_word' id='word_1_154' title='bbox 987 1993 1409 2069; x_wconf 88' lang='lat' dir='ltr'>quaerendam,</span> <span class='ocrx_word' id='word_1_155' title='bbox 1440 1998 1560 2051; x_wconf 84' lang='grc' dir='ltr'>τιὸτι</span> <span class='ocrx_word' id='word_1_156' title='bbox 1605 1994 1904 2052; x_wconf 89' lang='lat' dir='ltr'>interitum</span> <span class='ocrx_word' id='word_1_157' title='bbox 1948 1993 2191 2068; x_wconf 70' lang='lat' dir='ltr'>putavit.</span> 
     </span>
     <span class='ocr_line' id='line_1_19' title="bbox 93 2091 2193 2168; baseline 0.001 -21"><span class='ocrx_word' id='word_1_158' title='bbox 93 2092 214 2147; x_wconf 91' lang='lat' dir='ltr'>Iam</span> <span class='ocrx_word' id='word_1_159' title='bbox 256 2091 401 2150; x_wconf 90' lang='lat' dir='ltr'>illud</span> <span class='ocrx_word' id='word_1_160' title='bbox 447 2092 571 2167; x_wconf 89' lang='lat' dir='ltr'>ipse</span> <span class='ocrx_word' id='word_1_161' title='bbox 610 2092 772 2150; x_wconf 89' lang='lat' dir='ltr'>dicet</span> <span class='ocrx_word' id='word_1_162' title='bbox 806 2093 1098 2167; x_wconf 71' lang='lat' dir='ltr'>profecto,</span> <span class='ocrx_word' id='word_1_163' title='bbox 1129 2092 1292 2167; x_wconf 93' lang='lat' dir='ltr'>quod</span> <span class='ocrx_word' id='word_1_164' title='bbox 1331 2098 1438 2150; x_wconf 66' lang='lat' dir='ltr'>sua·</span> <span class='ocrx_word' id='word_1_165' title='bbox 1472 2102 1686 2168; x_wconf 91' lang='lat' dir='ltr'>sponte</span> <span class='ocrx_word' id='word_1_166' title='bbox 1715 2092 1872 2165; x_wconf 74' lang='lat' dir='ltr'>fecit,</span> <span class='ocrx_word' id='word_1_167' title='bbox 1906 2092 2193 2151; x_wconf 70' lang='lat' dir='ltr'>Publione</span> 
     </span>
     <span class='ocr_line' id='line_1_20' title="bbox 94 2189 1373 2266; baseline 0.002 -20"><span class='ocrx_word' id='word_1_168' title='bbox 94 2189 302 2247; x_wconf 71' lang='lat' dir='ltr'>Clodio</span> <span class='ocrx_word' id='word_1_169' title='bbox 331 2189 715 2248; x_wconf 90' lang='lat' dir='ltr'>tribuendum</span> <span class='ocrx_word' id='word_1_170' title='bbox 746 2190 964 2264; x_wconf 66' lang='lat' dir='ltr'>putarit</span> <span class='ocrx_word' id='word_1_171' title='bbox 992 2208 1069 2247; x_wconf 87' lang='lat' dir='ltr'>an</span> <span class='ocrx_word' id='word_1_172' title='bbox 1100 2197 1373 2266; x_wconf 78' lang='lat' dir='ltr'>temporI.</span> 
     </span>
    </p>
   </div>
   <div class='ocr_carea' id='block_1_3' title="bbox 111 2391 2175 2515">
    <p class='ocr_par' dir='ltr' id='par_1_4' title="bbox 111 2391 2175 2515">
     <span class='ocr_line' id='line_1_21' title="bbox 111 2391 2175 2452; baseline 0 -14"><span class='ocrx_word' id='word_1_173' title='bbox 111 2392 263 2438; x_wconf 80' lang='lat' dir='ltr'>There</span> <span class='ocrx_word' id='word_1_174' title='bbox 293 2405 407 2440; x_wconf 80' lang='lat' dir='ltr'>was</span> <span class='ocrx_word' id='word_1_175' title='bbox 437 2405 499 2440; x_wconf 89' lang='lat' dir='ltr'>no</span> <span class='ocrx_word' id='word_1_176' title='bbox 528 2394 655 2440; x_wconf 84' lang='lat' dir='ltr'>need</span> <span class='ocrx_word' id='word_1_177' title='bbox 682 2391 762 2440; x_wconf 87' lang='lat' dir='ltr'>for</span> <span class='ocrx_word' id='word_1_178' title='bbox 789 2405 822 2440; x_wconf 86' lang='lat' dir='ltr'>a</span> <span class='ocrx_word' id='word_1_179' title='bbox 852 2394 1044 2452; x_wconf 77' lang='lat' dir='ltr'>special</span> <span class='ocrx_word' id='word_1_180' title='bbox 1076 2395 1234 2441; x_wconf 87' lang='lat' dir='ltr'>court.</span> <span class='ocrx_word' id='word_1_181' title='bbox 1296 2393 1373 2441; x_wconf 76' lang='lat' dir='ltr'>No</span> <span class='ocrx_word' id='word_1_182' title='bbox 1403 2394 1600 2440; x_wconf 78' lang='lat' dir='ltr'>similar</span> <span class='ocrx_word' id='word_1_183' title='bbox 1629 2405 1747 2441; x_wconf 80' lang='lat' dir='ltr'>case</span> <span class='ocrx_word' id='word_1_184' title='bbox 1777 2394 1873 2440; x_wconf 79' lang='lat' dir='ltr'>has</span> <span class='ocrx_word' id='word_1_185' title='bbox 1905 2405 2025 2440; x_wconf 82' lang='lat' dir='ltr'>ever</span> <span class='ocrx_word' id='word_1_186' title='bbox 2051 2393 2175 2440; x_wconf 79' lang='lat' dir='ltr'>been</span> 
     </span>
     <span class='ocr_line' id='line_1_22' title="bbox 838 2469 1443 2515; baseline -0.002 -1"><span class='ocrx_word' id='word_1_187' title='bbox 838 2469 970 2515; x_wconf 85' lang='lat' dir='ltr'>tried</span> <span class='ocrx_word' id='word_1_188' title='bbox 998 2469 1051 2514; x_wconf 89' lang='lat' dir='ltr'>in</span> <span class='ocrx_word' id='word_1_189' title='bbox 1080 2469 1190 2515; x_wconf 79' lang='lat' dir='ltr'>this</span> <span class='ocrx_word' id='word_1_190' title='bbox 1221 2480 1443 2514; x_wconf 84' lang='lat' dir='ltr'>manner.</span> 
     </span>
    </p>
   </div>
   <div class='ocr_carea' id='block_1_4' title="bbox 100 2589 2198 3841">
    <p class='ocr_par' dir='ltr' id='par_1_5' title="bbox 100 2589 2198 3841">
     <span class='ocr_line' id='line_1_23' title="bbox 173 2589 2193 2665; baseline 0.001 -21"><span class='ocrx_word' id='word_1_191' title='bbox 173 2590 307 2648; x_wconf 90' lang='lat' dir='ltr'><strong>VII.</strong></span> <span class='ocrx_word' id='word_1_192' title='bbox 371 2591 554 2647; x_wconf 89' lang='lat' dir='ltr'>Domi</span> <span class='ocrx_word' id='word_1_193' title='bbox 590 2607 728 2648; x_wconf 86' lang='lat' dir='ltr'>suae</span> <span class='ocrx_word' id='word_1_194' title='bbox 764 2589 1163 2648; x_wconf 67' lang='lat' dir='ltr'>nobilissimus</span> <span class='ocrx_word' id='word_1_195' title='bbox 1192 2590 1296 2661; x_wconf 92' lang='lat' dir='ltr'>vir,</span> <span class='ocrx_word' id='word_1_196' title='bbox 1316 2595 1554 2648; x_wconf 62' lang='lat' dir='ltr'>senati-is</span> <span class='ocrx_word' id='word_1_197' title='bbox 1584 2598 1990 2665; x_wconf 88' lang='lat' dir='ltr'>propugnator</span> <span class='ocrx_word' id='word_1_198' title='bbox 2016 2598 2193 2664; x_wconf 91' lang='lat' dir='ltr'>atque</span> 
     </span>
     <span class='ocr_line' id='line_1_24' title="bbox 100 2680 2192 2763; baseline 0.001 -21"><span class='ocrx_word' id='word_1_199' title='bbox 100 2686 202 2744; x_wconf 91' lang='lat' dir='ltr'>illis</span> <span class='ocrx_word' id='word_1_200' title='bbox 228 2687 471 2762; x_wconf 91' lang='lat' dir='ltr'>quidem</span> <span class='ocrx_word' id='word_1_201' title='bbox 502 2688 868 2763; x_wconf 89' lang='lat' dir='ltr'>temporibus</span> <span class='ocrx_word' id='word_1_202' title='bbox 899 2680 1091 2763; x_wconf 88' lang='lat' dir='ltr'>paene</span> <span class='ocrx_word' id='word_1_203' title='bbox 1120 2693 1420 2763; x_wconf 70' lang='lat' dir='ltr'>patronuS,</span> <span class='ocrx_word' id='word_1_204' title='bbox 1444 2689 1761 2745; x_wconf 88' lang='lat' dir='ltr'>avunculus</span> <span class='ocrx_word' id='word_1_205' title='bbox 1792 2687 1959 2744; x_wconf 73' lang='lat' dir='ltr'>hfiius</span> <span class='ocrx_word' id='word_1_206' title='bbox 1983 2686 2192 2745; x_wconf 71' lang='lat' dir='ltr'>iudicis</span> 
     </span>
     <span class='ocr_line' id='line_1_25' title="bbox 101 2785 2194 2860; baseline 0 -19"><span class='ocrx_word' id='word_1_207' title='bbox 101 2793 290 2859; x_wconf 83' lang='lat' dir='ltr'>nostri,</span> <span class='ocrx_word' id='word_1_208' title='bbox 343 2786 645 2844; x_wconf 85' lang='lat' dir='ltr'>fortissimi</span> <span class='ocrx_word' id='word_1_209' title='bbox 689 2787 798 2844; x_wconf 91' lang='lat' dir='ltr'>viri</span> <span class='ocrx_word' id='word_1_210' title='bbox 845 2788 929 2845; x_wconf 90' lang='lat' dir='ltr'>M.</span> <span class='ocrx_word' id='word_1_211' title='bbox 975 2787 1238 2858; x_wconf 69' lang='lat' dir='ltr'>Catonis,</span> <span class='ocrx_word' id='word_1_212' title='bbox 1289 2786 1555 2844; x_wconf 86' lang='lat' dir='ltr'>tribiinus</span> <span class='ocrx_word' id='word_1_213' title='bbox 1600 2785 1787 2860; x_wconf 70' lang='lat' dir='ltr'>plebis</span> <span class='ocrx_word' id='word_1_214' title='bbox 1839 2787 1924 2843; x_wconf 90' lang='lat' dir='ltr'>M.</span> <span class='ocrx_word' id='word_1_215' title='bbox 1970 2786 2194 2842; x_wconf 85' lang='lat' dir='ltr'>Driisus</span> 
     </span>
     <span class='ocr_line' id='line_1_26' title="bbox 104 2882 2196 2959; baseline 0 -20"><span class='ocrx_word' id='word_1_216' title='bbox 104 2891 321 2942; x_wconf 89' lang='lat' dir='ltr'>occisus</span> <span class='ocrx_word' id='word_1_217' title='bbox 378 2894 485 2943; x_wconf 89' lang='lat' dir='ltr'>est.</span> <span class='ocrx_word' id='word_1_218' title='bbox 601 2884 764 2942; x_wconf 89' lang='lat' dir='ltr'>Nihil</span> <span class='ocrx_word' id='word_1_219' title='bbox 822 2884 900 2943; x_wconf 70' lang='lat' dir='ltr'>de</span> <span class='ocrx_word' id='word_1_220' title='bbox 954 2885 1079 2942; x_wconf 69' lang='lat' dir='ltr'>eius</span> <span class='ocrx_word' id='word_1_221' title='bbox 1137 2892 1327 2942; x_wconf 92' lang='lat' dir='ltr'>morte</span> <span class='ocrx_word' id='word_1_222' title='bbox 1378 2884 1633 2959; x_wconf 89' lang='lat' dir='ltr'>populus</span> <span class='ocrx_word' id='word_1_223' title='bbox 1676 2883 1993 2954; x_wconf 70' lang='lat' dir='ltr'>consultus,</span> <span class='ocrx_word' id='word_1_224' title='bbox 2038 2882 2196 2940; x_wconf 68' lang='lat' dir='ltr'>nulla</span> 
     </span>
     <span class='ocr_line' id='line_1_27' title="bbox 105 2980 2195 3055; baseline 0 -18"><span class='ocrx_word' id='word_1_225' title='bbox 105 2983 356 3054; x_wconf 72' lang='lat' dir='ltr'>quaestio</span> <span class='ocrx_word' id='word_1_226' title='bbox 385 2983 630 3041; x_wconf 69' lang='lat' dir='ltr'>decreta</span> <span class='ocrx_word' id='word_1_227' title='bbox 672 2988 708 3040; x_wconf 74' lang='lat' dir='ltr'>{i</span> <span class='ocrx_word' id='word_1_228' title='bbox 749 2987 957 3040; x_wconf 63' lang='lat' dir='ltr'>senati-1</span> <span class='ocrx_word' id='word_1_229' title='bbox 1001 2992 1106 3040; x_wconf 90' lang='lat' dir='ltr'>est.</span> <span class='ocrx_word' id='word_1_230' title='bbox 1193 2982 1499 3055; x_wconf 90' lang='lat' dir='ltr'>Quantum</span> <span class='ocrx_word' id='word_1_231' title='bbox 1537 2982 1763 3038; x_wconf 74' lang='lat' dir='ltr'>hictum</span> <span class='ocrx_word' id='word_1_232' title='bbox 1806 2981 1866 3037; x_wconf 91' lang='lat' dir='ltr'>in</span> <span class='ocrx_word' id='word_1_233' title='bbox 1909 2980 2019 3038; x_wconf 65' lang='lat' dir='ltr'>hac</span> <span class='ocrx_word' id='word_1_234' title='bbox 2049 2980 2195 3038; x_wconf 92' lang='lat' dir='ltr'>urbe</span> 
     </span>
     <span class='ocr_line' id='line_1_28' title="bbox 107 3064 2194 3155; baseline 0 -21"><span class='ocrx_word' id='word_1_235' title='bbox 107 3077 266 3137; x_wconf 88' lang='lat' dir='ltr'>fuisse</span> <span class='ocrx_word' id='word_1_236' title='bbox 298 3085 332 3137; x_wconf 75' lang='grc' dir='ltr'>Ξ.</span> <span class='ocrx_word' id='word_1_237' title='bbox 364 3087 581 3138; x_wconf 86' lang='lat' dir='ltr'>nostris</span> <span class='ocrx_word' id='word_1_238' title='bbox 616 3080 878 3155; x_wconf 90' lang='lat' dir='ltr'>patribus</span> <span class='ocrx_word' id='word_1_239' title='bbox 913 3080 1252 3155; x_wconf 66' lang='lat' dir='ltr'>accepimus</span> <span class='ocrx_word' id='word_1_240' title='bbox 1287 3098 1423 3136; x_wconf 89' lang='lat' dir='ltr'>cum</span> <span class='ocrx_word' id='word_1_241' title='bbox 1455 3081 1518 3137; x_wconf 91' lang='lat' dir='ltr'>P.</span> <span class='ocrx_word' id='word_1_242' title='bbox 1549 3064 1827 3136; x_wconf 67' lang='grc' dir='ltr'>Ᾰίτίεᾶιιδ</span> <span class='ocrx_word' id='word_1_243' title='bbox 1857 3076 2022 3135; x_wconf 90' lang='lat' dir='ltr'>domi</span> <span class='ocrx_word' id='word_1_244' title='bbox 2057 3095 2194 3135; x_wconf 88' lang='lat' dir='ltr'>suae</span> 
     </span>
     <span class='ocr_line' id='line_1_29' title="bbox 109 3175 2196 3251; baseline -0 -18"><span class='ocrx_word' id='word_1_245' title='bbox 109 3177 419 3249; x_wconf 68' lang='lat' dir='ltr'>quieScenti</span> <span class='ocrx_word' id='word_1_246' title='bbox 440 3180 539 3236; x_wconf 87' lang='lat' dir='ltr'>illa</span> <span class='ocrx_word' id='word_1_247' title='bbox 566 3187 857 3236; x_wconf 88' lang='lat' dir='ltr'>nocturna</span> <span class='ocrx_word' id='word_1_248' title='bbox 885 3185 971 3236; x_wconf 91' lang='lat' dir='ltr'>vis</span> <span class='ocrx_word' id='word_1_249' title='bbox 995 3188 1147 3237; x_wconf 90' lang='lat' dir='ltr'>esset</span> <span class='ocrx_word' id='word_1_250' title='bbox 1172 3179 1370 3236; x_wconf 68' lang='lat' dir='ltr'>inlata.</span> <span class='ocrx_word' id='word_1_251' title='bbox 1457 3178 1603 3251; x_wconf 91' lang='lat' dir='ltr'>Quis</span> <span class='ocrx_word' id='word_1_252' title='bbox 1633 3187 1756 3233; x_wconf 90' lang='lat' dir='ltr'>tum</span> <span class='ocrx_word' id='word_1_253' title='bbox 1788 3181 1908 3234; x_wconf 84' lang='grc' dir='ltr'>ιιότι</span> <span class='ocrx_word' id='word_1_254' title='bbox 1930 3175 2196 3251; x_wconf 85' lang='lat' dir='ltr'>gemuit?</span> 
     </span>
     <span class='ocr_line' id='line_1_30' title="bbox 112 3274 2196 3351; baseline -0 -20"><span class='ocrx_word' id='word_1_255' title='bbox 112 3274 244 3346; x_wconf 90' lang='lat' dir='ltr'>Quis</span> <span class='ocrx_word' id='word_1_256' title='bbox 270 3282 388 3334; x_wconf 62' lang='lat' dir='ltr'>ric-&gt;n</span> <span class='ocrx_word' id='word_1_257' title='bbox 417 3278 559 3335; x_wconf 68' lang='lat' dir='ltr'>arsit</span> <span class='ocrx_word' id='word_1_258' title='bbox 587 3277 813 3348; x_wconf 72' lang='lat' dir='ltr'>dolore,</span> <span class='ocrx_word' id='word_1_259' title='bbox 843 3295 1022 3351; x_wconf 90' lang='lat' dir='ltr'>quem</span> <span class='ocrx_word' id='word_1_260' title='bbox 1054 3276 1467 3347; x_wconf 70' lang='lat' dir='ltr'>immortalem,</span> <span class='ocrx_word' id='word_1_261' title='bbox 1499 3282 1547 3333; x_wconf 90' lang='lat' dir='ltr'>si</span> <span class='ocrx_word' id='word_1_262' title='bbox 1575 3276 1702 3332; x_wconf 90' lang='lat' dir='ltr'>fieri</span> <span class='ocrx_word' id='word_1_263' title='bbox 1739 3283 1956 3349; x_wconf 91' lang='lat' dir='ltr'>posset,</span> <span class='ocrx_word' id='word_1_264' title='bbox 1988 3277 2196 3331; x_wconf 68' lang='lat' dir='ltr'>omnes</span> 
     </span>
     <span class='ocr_line' id='line_1_31' title="bbox 113 3374 2195 3450; baseline 0 -23"><span class='ocrx_word' id='word_1_265' title='bbox 113 3389 225 3430; x_wconf 85' lang='lat' dir='ltr'>esse</span> <span class='ocrx_word' id='word_1_266' title='bbox 264 3385 568 3450; x_wconf 90' lang='lat' dir='ltr'>cuperent,</span> <span class='ocrx_word' id='word_1_267' title='bbox 610 3375 736 3434; x_wconf 71' lang='lat' dir='ltr'>eius</span> <span class='ocrx_word' id='word_1_268' title='bbox 776 3379 853 3432; x_wconf 76' lang='grc' dir='ltr'>τιὲ</span> <span class='ocrx_word' id='word_1_269' title='bbox 894 3375 1287 3448; x_wconf 66' lang='lat' dir='ltr'>necessariam</span> <span class='ocrx_word' id='word_1_270' title='bbox 1331 3374 1576 3449; x_wconf 91' lang='lat' dir='ltr'>quidem</span> <span class='ocrx_word' id='word_1_271' title='bbox 1620 3377 2022 3447; x_wconf 68' lang='lat' dir='ltr'>exspectatam</span> <span class='ocrx_word' id='word_1_272' title='bbox 2069 3388 2195 3429; x_wconf 89' lang='lat' dir='ltr'>esse</span> 
     </span>
     <span class='ocr_line' id='line_1_32' title="bbox 116 3458 2198 3548; baseline 0 -23"><span class='ocrx_word' id='word_1_273' title='bbox 116 3474 384 3530; x_wconf 84' lang='lat' dir='ltr'>mortem?</span> <span class='ocrx_word' id='word_1_274' title='bbox 469 3475 635 3531; x_wconf 93' lang='lat' dir='ltr'>Num</span> <span class='ocrx_word' id='word_1_275' title='bbox 663 3472 838 3548; x_wconf 89' lang='lat' dir='ltr'>igitur</span> <span class='ocrx_word' id='word_1_276' title='bbox 866 3473 982 3530; x_wconf 84' lang='lat' dir='ltr'>iilla</span> <span class='ocrx_word' id='word_1_277' title='bbox 1010 3473 1280 3547; x_wconf 72' lang='lat' dir='ltr'>quaestio</span> <span class='ocrx_word' id='word_1_278' title='bbox 1310 3471 1388 3529; x_wconf 69' lang='lat' dir='ltr'>de</span> <span class='ocrx_word' id='word_1_279' title='bbox 1418 3458 1676 3529; x_wconf 68' lang='grc' dir='ltr'>Ᾰῑτίεῖιτιῑ</span> <span class='ocrx_word' id='word_1_280' title='bbox 1705 3480 1892 3528; x_wconf 89' lang='lat' dir='ltr'>morte</span> <span class='ocrx_word' id='word_1_281' title='bbox 1922 3470 2039 3527; x_wconf 67' lang='lat' dir='ltr'>lata</span> <span class='ocrx_word' id='word_1_282' title='bbox 2068 3469 2198 3526; x_wconf 84' lang='lat' dir='ltr'>est?</span> 
     </span>
     <span class='ocr_line' id='line_1_33' title="bbox 119 3567 2194 3644; baseline -0 -20"><span class='ocrx_word' id='word_1_283' title='bbox 119 3567 273 3627; x_wconf 70' lang='lat' dir='ltr'>Certe</span> <span class='ocrx_word' id='word_1_284' title='bbox 297 3572 472 3629; x_wconf 86' lang='lat' dir='ltr'>niilla.</span> <span class='ocrx_word' id='word_1_285' title='bbox 562 3570 725 3644; x_wconf 84' lang='lat' dir='ltr'>Quid</span> <span class='ocrx_word' id='word_1_286' title='bbox 755 3570 881 3628; x_wconf 82' lang='lat' dir='ltr'>ita?</span> <span class='ocrx_word' id='word_1_287' title='bbox 964 3570 1121 3644; x_wconf 87' lang='lat' dir='ltr'>Quia</span> <span class='ocrx_word' id='word_1_288' title='bbox 1148 3575 1271 3627; x_wconf 72' lang='lat' dir='ltr'>non</span> <span class='ocrx_word' id='word_1_289' title='bbox 1300 3570 1415 3628; x_wconf 71' lang='lat' dir='ltr'>alio</span> <span class='ocrx_word' id='word_1_290' title='bbox 1446 3569 1703 3626; x_wconf 88' lang='lat' dir='ltr'>facinore</span> <span class='ocrx_word' id='word_1_291' title='bbox 1737 3569 1878 3626; x_wconf 66' lang='lat' dir='ltr'>clari</span> <span class='ocrx_word' id='word_1_292' title='bbox 1907 3567 2194 3637; x_wconf 68' lang='lat' dir='ltr'>hominEs,</span> 
     </span>
     <span class='ocr_line' id='line_1_34' title="bbox 121 3665 2197 3740; baseline 0.001 -21"><span class='ocrx_word' id='word_1_293' title='bbox 121 3665 214 3722; x_wconf 69' lang='lat' dir='ltr'>alic‘)</span> <span class='ocrx_word' id='word_1_294' title='bbox 246 3669 478 3726; x_wconf 68' lang='lat' dir='ltr'>obscuri</span> <span class='ocrx_word' id='word_1_295' title='bbox 523 3677 829 3726; x_wconf 88' lang='lat' dir='ltr'>necantur.</span> <span class='ocrx_word' id='word_1_296' title='bbox 915 3667 1154 3725; x_wconf 87' lang='lat' dir='ltr'>Intersit</span> <span class='ocrx_word' id='word_1_297' title='bbox 1196 3667 1349 3725; x_wconf 89' lang='lat' dir='ltr'>inter</span> <span class='ocrx_word' id='word_1_298' title='bbox 1378 3674 1531 3724; x_wconf 90' lang='lat' dir='ltr'>vitae</span> <span class='ocrx_word' id='word_1_299' title='bbox 1562 3666 1909 3740; x_wconf 70' lang='lat' dir='ltr'>dignitatem</span> <span class='ocrx_word' id='word_1_300' title='bbox 1940 3669 2197 3722; x_wconf 69' lang='lat' dir='ltr'>summo-</span> 
     </span>
     <span class='ocr_line' id='line_1_35' title="bbox 122 3762 2197 3841; baseline -0.002 -19"><span class='ocrx_word' id='word_1_301' title='bbox 122 3779 226 3821; x_wconf 89' lang='lat' dir='ltr'>rum</span> <span class='ocrx_word' id='word_1_302' title='bbox 252 3776 423 3841; x_wconf 90' lang='lat' dir='ltr'>atque</span> <span class='ocrx_word' id='word_1_303' title='bbox 453 3765 796 3824; x_wconf 72' lang='lat' dir='ltr'>infimorum</span> <span class='ocrx_word' id='word_1_304' title='bbox 817 3786 835 3839; x_wconf 84' lang='lat'>3</span> <span class='ocrx_word' id='word_1_305' title='bbox 881 3784 1040 3824; x_wconf 92' lang='lat' dir='ltr'>mors</span> <span class='ocrx_word' id='word_1_306' title='bbox 1069 3765 1311 3840; x_wconf 90' lang='lat' dir='ltr'>quidem</span> <span class='ocrx_word' id='word_1_307' title='bbox 1352 3765 1533 3822; x_wconf 74' lang='lat' dir='ltr'>inlata</span> <span class='ocrx_word' id='word_1_308' title='bbox 1566 3781 1672 3838; x_wconf 91' lang='lat' dir='ltr'>per</span> <span class='ocrx_word' id='word_1_309' title='bbox 1701 3765 1889 3821; x_wconf 89' lang='lat' dir='ltr'>scelus</span> <span class='ocrx_word' id='word_1_310' title='bbox 1917 3762 2107 3820; x_wconf 89' lang='lat' dir='ltr'>isdem</span> <span class='ocrx_word' id='word_1_311' title='bbox 2139 3772 2197 3818; x_wconf 93' lang='lat' dir='ltr'>et</span> 
     </span>
    </p>
   </div>
   <div class='ocr_carea' id='block_1_5' title="bbox 2238 1332 2291 1364">
    <p class='ocr_par' dir='ltr' id='par_1_6' title="bbox 2238 1332 2291 1364">
     <span class='ocr_line' id='line_1_36' title="bbox 2238 1332 2291 1364; baseline 0.019 -1"><span class='ocrx_word' id='word_1_312' title='bbox 2238 1332 2291 1364; x_wconf 86' lang='lat'>10</span> 
     </span>
    </p>
   </div>
   <div class='ocr_carea' id='block_1_6' title="bbox 2236 1805 2288 1853">
    <p class='ocr_par' dir='ltr' id='par_1_7' title="bbox 2236 1805 2288 1853">
     <span class='ocr_line' id='line_1_37' title="bbox 2236 1805 2288 1853; baseline 0 0"><span class='ocrx_word' id='word_1_313' title='bbox 2236 1805 2288 1853; x_wconf 76' lang='grc' dir='ltr'>Ι5</span> 
     </span>
    </p>
   </div>
   <div class='ocr_carea' id='block_1_7' title="bbox 2236 2614 2292 2645">
    <p class='ocr_par' dir='ltr' id='par_1_8' title="bbox 2236 2614 2292 2645">
     <span class='ocr_line' id='line_1_38' title="bbox 2236 2614 2292 2645; baseline 0.018 -1"><span class='ocrx_word' id='word_1_314' title='bbox 2236 2614 2292 2645; x_wconf 89' lang='grc'>20</span> 
     </span>
    </p>
   </div>
   <div class='ocr_carea' id='block_1_8' title="bbox 2236 3096 2289 3144">
    <p class='ocr_par' dir='ltr' id='par_1_9' title="bbox 2236 3096 2289 3144">
     <span class='ocr_line' id='line_1_39' title="bbox 2236 3096 2289 3144; baseline 0 0"><span class='ocrx_word' id='word_1_315' title='bbox 2236 3096 2289 3144; x_wconf 83' lang='lat'>25</span> 
     </span>
    </p>
   </div>
   <div class='ocr_carea' id='block_1_9' title="bbox 2239 3581 2295 3626">
    <p class='ocr_par' dir='ltr' id='par_1_10' title="bbox 2239 3581 2295 3626">
     <span class='ocr_line' id='line_1_40' title="bbox 2239 3581 2295 3626; baseline 0 -14"><span class='ocrx_word' id='word_1_316' title='bbox 2239 3581 2295 3626; x_wconf 81' lang='lat'>30</span> 
     </span>
    </p>
   </div>
  </div>
 </body>
</html>
