2719 4161
642 256 643 259 κ
710 240 820 298 DE
879 240 1225 298 IMPERIO
1288 239 1595 297 POMPEI
2073 247 2205 319 139

126 428 390 482 sermonos
422 441 496 480 ac
527 423 773 481 litterae*
793 422 1162 497 perferuntur
1183 443 1199 494 3
1245 427 1367 479 non
1397 420 1579 479 modo
1608 430 1672 478 ut
1701 426 2003 496 somptum
2035 420 2209 478 faciat

122 520 174 577 in
200 522 430 578 militem
456 520 684 578 nomini
714 526 798 577 vis
827 519 1106 592 adfertur,
1130 519 1235 577 sed
1260 524 1334 576 no
1366 520 1630 593 cupienti
1658 518 1902 592 quidem
1932 518 2207 592 cuiquam

123 619 475 692 permittitur.
592 618 828 675 Hiemis
872 618 1050 687 enim,
1096 622 1215 674 non
1258 616 1535 674 avaritiae
1580 616 1912 691 perfugium
1958 616 2207 674 maiores

121 723 282 774 nostri
306 717 368 773 in
398 716 701 774 sociorum
730 725 907 790 atque
937 720 1262 772 amicorum
1292 719 1464 772 tactis
1493 732 1621 772 esse
1651 714 1976 772 voluorunt.

281 897 372 943 His
403 895 731 953 moderatim,
755 893 1138 951 sels-restraint,
1169 893 1443 955 affability,
1465 894 1733 954 integrity,
1758 894 2017 941 kindness.

186 1025 339 1081 XIV.
398 1025 526 1097 Age
558 1027 717 1093 voro,
738 1027 950 1080 coteris
980 1022 1040 1079 in
1068 1023 1242 1080 robus
1272 1027 1390 1096 qua
1417 1021 1491 1080 sit
1521 1022 1913 1096 temperantia
1941 1020 2208 1080 conside·
2276 1030 2301 1083 5

120 1128 242 1179 rate.
326 1120 509 1180 Unde
539 1120 699 1177 illam
729 1129 949 1177 tantam
982 1120 1343 1177 celeritatem
1390 1130 1449 1177 et
1483 1130 1604 1176 tam
1639 1120 2043 1178 ineradibilem
2074 1138 2204 1177 cur-

118 1237 230 1276 sum
264 1219 570 1275 inventum
612 1218 872 1292 putatis?
955 1218 1094 1274 Non
1139 1217 1298 1274 enim
1340 1217 1505 1275 illum
1548 1217 1765 1275 eximia
1789 1224 1875 1275 vis
1919 1218 2205 1292 romigum

117 1327 204 1373 aut
228 1335 319 1374 ars
348 1315 617 1373 inaudita
645 1314 939 1389 quaedam
978 1313 1346 1390 gubernandi
1374 1326 1474 1372 aut
1501 1321 1663 1372 venti
1697 1315 1876 1389 aliqui
1909 1322 2048 1372 novi
2086 1325 2203 1373 tam

116 1415 368 1471 celeriter
411 1414 475 1471 in
518 1412 754 1471 altimas
799 1419 982 1470 terras
1023 1413 1402 1487 pertulorunt,
1434 1411 1541 1469 sed
1576 1431 1683 1469 eae
1728 1418 1819 1470 ros
1853 1431 2006 1487 quae
2045 1417 2202 1470 cote·

116 1517 197 1569 ros
229 1517 512 1569 remorari
544 1511 739 1568 solent
773 1516 894 1568 non
937 1510 1343 1582 retardarunt3
1408 1515 1528 1568 non
1563 1511 1803 1567 avaritia
1838 1510 1913 1568 ab
1940 1511 2206 1569 institfito
2250 1534 2303 1565 ιο

115 1614 270 1666 curso
312 1609 389 1666 ad
436 1608 722 1683 praedam
766 1608 1021 1682 aliquam
1065 1607 1392 1677 dovocavit,
1429 1613 1550 1665 non
1593 1607 1779 1666 libido
1821 1607 1898 1665 ad
1940 1608 2203 1682 volupta-

115 1716 243 1777 tem,
287 1712 407 1763 non
456 1706 787 1764 amoenitas
827 1704 904 1763 ad
948 1704 1427 1776 delectationem,
1459 1710 1579 1763 non
1622 1705 1895 1764 nobilitas
1933 1706 2090 1765 urbis
2129 1706 2204 1763 ad

113 1804 525 1878 cognitionem,
560 1809 685 1861 non
723 1803 980 1877 donique
1022 1803 1187 1861 labor
1228 1803 1355 1877 ipse
1400 1801 1476 1859 ad
1527 1803 1809 1877 quiotem.
1902 1805 2205 1862 Postromo

111 1908 263 1976 signa
303 1913 367 1960 et
407 1902 638 1960 tabulas
681 1906 997 1974 coteraque
1040 1906 1390 1958 ornamenta
1419 1902 1785 1959 Graecorum
1830 1902 2203 1975 oppidorum,

111 2017 250 2072 quae
292 2005 477 2058 coteri
521 1999 786 2056 tollenda
828 2016 956 2056 esse
999 1998 1368 2070 arbitrantur,
1414 2017 1485 2055 ea
1534 1998 1643 2056 sibi
1693 1998 1789 2056 ille
1838 2004 1915 2057 no
1966 1998 2208 2057 visenda
2252 2002 2301 2051 ι5

111 2096 341 2170 quidem
373 2097 751 2156 existimavit.

189 2196 390 2269 Itaque
420 2200 632 2255 omnos
668 2214 824 2252 nunc
865 2195 927 2253 in
966 2195 1035 2253 iis
1069 2195 1214 2253 locis
1250 2195 1362 2254 Cn.
1396 2196 1741 2270 Pompoium
1773 2189 1922 2253 sicut
1951 2196 2207 2271 aliquem

109 2296 223 2349 non
268 2312 340 2350 ex
396 2294 533 2372 hac⁴
563 2293 709 2351 urbe
746 2293 1001 2350 *missum
1045 2291 1151 2350 sed
1199 2292 1277 2350 do
1328 2293 1497 2350 caelo
1540 2293 1845 2367 dolapsum
1890 2294 2204 2352 intuentur.

109 2390 276 2447 Nunc
318 2390 580 2465 donique
625 2389 914 2465 incipiunt
955 2389 1200 2448 erodere
1241 2391 1416 2448 fuisse
1454 2391 1720 2453 hominos
1762 2392 2066 2449 Romanos
2096 2392 2207 2449 hac

107 2488 399 2559 quondam
443 2488 832 2559 continentia,
862 2486 1024 2561 quod
1068 2488 1183 2545 iam
1227 2488 1565 2546 nationibus
1610 2495 1823 2545 exteris
1862 2489 2205 2549 incrodibile
2249 2511 2305 2542 20

107 2602 174 2640 ac
220 2586 363 2644 falso
415 2586 740 2643 memoriae
793 2585 1091 2660 proditum
1142 2585 1467 2643 vidobatur.
1555 2587 1731 2644 Nunc
1781 2586 1993 2661 imperi
2032 2594 2208 2645 vestri

107 2681 380 2754 splendor
410 2684 520 2740 illis
552 2683 825 2758 gentibus
854 2683 1048 2740 locem
1079 2682 1308 2740 adferre
1340 2684 1559 2758 coepit.
1648 2685 1825 2741 Nunc
1862 2684 2207 2759 intellegunt

107 2784 216 2837 non
246 2781 373 2838 sine
404 2786 586 2838 causa
614 2781 864 2838 maiores
893 2785 1046 2851 suoS‚
1063 2791 1185 2838 tum
1217 2799 1351 2837 cum
1386 2788 1456 2839 ea
1485 2782 1878 2856 temperantia
1907 2783 2205 2857 magistra-

106 2881 187 2933 tiis
241 2878 634 2950 habobamuS,
678 2885 894 2935 servire
937 2867 1160 2953 populo
1208 2879 1484 2936 Romano
1526 2897 1704 2953 quam
1749 2880 2038 2953 imperare
2081 2880 2205 2937 aliis

105 2975 390 3035 maluisse.
478 2978 608 3034 Iam
639 2981 780 3033 voro
818 2977 898 3033 ita
936 2976 1137 3034 facilos
1179 2975 1375 3033 aditos
1418 2975 1495 3034 ad
1540 2996 1677 3034 eum
1721 2983 2096 3051 privatorum,
2126 2979 2207 3035 ita
2249 2991 2301 3051 25

103 3070 312 3131 liberae
367 3074 778 3148 querimoniae
829 3072 906 3131 do
955 3074 1199 3130 aliorum
1251 3074 1473 3131 inifiriis
1524 3093 1652 3132 esse
1705 3075 1981 3133 dicuntur
2029 3086 2092 3134 ut
2143 3078 2206 3147 is,

100 3175 193 3240 qui
250 3171 546 3247 dignitate
606 3170 968 3245 principibus
1025 3172 1277 3243 excellit,
1317 3172 1594 3229 facilitate
1650 3173 1867 3230 infimis
1924 3178 2031 3247 par
2078 3191 2206 3230 esse

98 3266 383 3327 videatur.

174 3366 307 3423 Iam
357 3376 645 3442 quantum
691 3367 954 3437 consilio,
995 3379 1277 3442 quantum
1322 3367 1565 3425 dicendi
1606 3369 1887 3442 gravitate
1933 3377 1993 3425 et
2035 3371 2209 3444 copia

98 3462 305 3535 valeat,
359 3466 418 3522 in
460 3470 582 3539 quo
625 3464 756 3539 ipso
804 3465 955 3522 inest
999 3465 1295 3539 quaedam
1345 3465 1598 3539 dignitas
1647 3467 2040 3541 imperatoria,
2083 3472 2205 3538 voS,
2249 3475 2310 3522 302

100 3558 382 3633 Quiritos‚
413 3562 529 3619 hoc
560 3562 692 3635 ipso
722 3580 795 3618 ex
833 3562 967 3619 loco
996 3582 1175 3637 saepe
1213 3564 1586 3637 cognovistis,
1675 3563 1883 3621 Fidem
1914 3569 2053 3621 voro
2084 3566 2207 3622 oius

98 3668 388 3728 quantam
433 3660 588 3716 inter
628 3660 821 3717 socios
866 3661 1185 3717 existimari
1240 3662 1476 3734 putatiS,
1522 3678 1697 3733 quam
1760 3662 1956 3719 hostos
2001 3667 2208 3720 omnos

98 3756 374 3813 omnium
418 3774 699 3831 generum
744 3757 1171 3814 sanctissimam
1216 3757 1574 3814 iodicarint?
1657 3759 2048 3824 Homanitate
2093 3759 2208 3814 iam
