2719 4161
899 271 1056 329 PRo
1122 271 1454 360 MiLoNE
2079 278 2158 346 17
2172 275 2209 348 5

105 452 243 508 nihil
274 452 469 512 habeo
499 453 662 528 quod
693 453 1035 512 dofendam.
1140 454 1241 512 Sin
1270 453 1385 512 hoc
1415 463 1475 512 et
1513 453 1663 511 ratio
1697 453 1890 511 doctis
1920 462 1980 510 et
2008 469 2211 509 neces-

106 550 239 606 sitas
275 550 536 607 barbaris
573 560 635 607 et
670 556 798 608 mos
837 552 1109 626 gentibus
1145 561 1204 609 et
1247 552 1384 609 feris
1428 551 1606 609 etiam
1637 551 1819 608 boluis
1848 555 2057 608 natiira
2086 550 2215 624 ipsa

107 648 499 722 praescripsit,
529 659 594 705 ut
625 648 869 706 ornnem
901 667 1137 723 semper
1164 649 1301 719 vim,
1334 654 1711 723 quacumque
1742 665 1856 722 ope
1888 657 2150 723 possent,
2179 653 2216 704 a

107 762 375 819 corpore,
421 751 456 802 a
504 747 720 820 capite,
767 752 802 802 a
846 752 963 804 vita
1012 752 1116 804 sua
1162 746 1591 821 propulsarent,
1638 751 1759 803 non
1805 745 2053 821 potestis
2098 745 2213 802 hoc

110 842 329 900 facinus
357 843 695 917 improbum
727 844 1007 915 iodicare,
1032 850 1173 918 quin
1202 844 1376 901 simul
1408 844 1681 901 iodicotis
1722 843 1997 901 omnibus
2025 849 2124 917 qui
2153 843 2215 900 in
2283 855 2306 903 5

109 939 363 997 latronos
409 940 726 998 inciderint
769 951 869 999 aut
919 941 1148 999 illorum
1195 942 1324 999 talis
1361 952 1460 1000 aut
1503 947 1706 999 vestris
1746 941 2049 999 sententiis
2087 959 2214 998 esse

112 1038 496 1110 pereundum.

191 1135 370 1208 Quod
399 1143 449 1194 si
475 1137 557 1194 ita
584 1143 864 1211 putasset,
891 1142 1052 1195 certo
1074 1138 1389 1212 optabilius
1420 1137 1629 1195 Miloni
1660 1137 1768 1194 fuit
1791 1135 1931 1194 dare
1954 1137 2215 1212 iugulum

118 1234 176 1289 P.
200 1233 433 1304 Clodio,
466 1240 586 1291 non
617 1235 801 1292 semel
837 1235 912 1293 ab
941 1236 1042 1293 illo
1072 1254 1266 1310 neque
1298 1246 1422 1293 tum
1460 1242 1713 1309 primum
1743 1241 2013 1310 petitum,
2036 1253 2215 1309 quam

117 1331 353 1405 iugulari
393 1337 428 1389 Ξ
466 1332 632 1389 vobis
675 1332 813 1406 quia
854 1338 918 1390 so
959 1338 1082 1390 non
1122 1333 1505 1408 iugulandum
1551 1333 1630 1390 illi
1673 1331 2029 1390 tradidisset.
2114 1333 2211 1390 Sin
2259 1354 2313 1385 10

119 1428 226 1485 hoc
267 1433 443 1486 nomo
477 1441 734 1486 vestrum
775 1430 856 1487 ita
895 1431 1091 1502 sentit,
1129 1436 1245 1487 non
1287 1429 1432 1488 illud
1473 1431 1591 1487 iam
1631 1431 1692 1486 in
1733 1429 2013 1487 iodicium
2050 1431 2212 1487 venit

120 1534 415 1585 occisusne
445 1528 535 1598 sit,
566 1526 731 1601 quod
761 1528 1028 1598 fatomur,
1060 1528 1166 1585 sed
1198 1529 1322 1585 iiire
1353 1547 1429 1585 an
1474 1528 1701 1599 iniiiria,
1734 1526 1895 1602 quod
1927 1528 2121 1584 multis
2149 1527 2211 1584 in

122 1630 300 1681 causis
332 1643 506 1699 saepe
536 1632 864 1699 quaesitum
907 1636 1015 1683 est.
1101 1612 1351 1683 ‘I'nsidias
1392 1626 1577 1682 factas
1612 1644 1740 1683 esse
1781 1630 2031 1696 constat,
2064 1634 2123 1681 et
2152 1624 2214 1681 id

126 1731 206 1777 est
247 1722 407 1795 quod
450 1728 686 1780 senatus
730 1729 938 1781 contra
981 1742 1104 1781 rem
1150 1723 1449 1797 piiblicam
1497 1724 1717 1780 factum
1763 1722 2081 1794 iiidicavit3
2140 1722 2216 1779 ab

124 1824 248 1875 utro
304 1820 490 1876 factae
549 1820 663 1877 sint
720 1820 1010 1878 incertum
1070 1830 1177 1878 est.
1267 1823 1358 1878 Do
1420 1821 1536 1878 hoc
1580 1821 1753 1896 igitur
1794 1821 1976 1877 latum
2023 1813 2215 1877 estut
2262 1832 2310 1880 ι5

130 1922 504 1989 quaereretur.
614 1919 705 1974 Ita
762 1929 821 1975 et
879 1925 1114 1976 senatus
1172 1938 1297 1976 rem
1340 1924 1464 1976 non
1520 1919 1824 1976 hominem
1869 1918 2113 1989 notavit,
2157 1926 2216 1974 et

131 2014 427 2089 Pompoius
457 2014 534 2071 da
564 2015 688 2072 iore
718 2020 838 2073 non
869 2016 946 2073 do
977 2016 1133 2074 sacto
1162 2016 1572 2092 quaestionem
1604 2016 1749 2073 tulit.

181 2207 225 2253 It
252 2207 296 2254 is
326 2209 527 2256 evident
556 2210 676 2255 that
705 2210 878 2256 Milo’s
908 2211 1063 2256 death
1094 2211 1261 2257 would
1292 2211 1423 2256 have
1455 2211 1579 2256 been
1597 2208 1662 2255 vof
1691 2210 1839 2270 great
1869 2210 2157 2270 advantage

597 2318 602 2324 -
1003 2287 1057 2332 to
1088 2285 1307 2331 Clodius.

422 2359 440 2380 0

204 2405 330 2460 XII.
390 2405 552 2461 Num
593 2405 738 2479 quid
777 2405 951 2480 igitur
990 2405 1150 2463 aliud
1191 2406 1253 2463 in
1289 2405 1576 2462 iodicium
1605 2406 1766 2463 venit
1795 2405 1904 2463 nisi
1944 2413 2076 2462 uter
2102 2412 2216 2462 utri

136 2501 350 2559 insidias
380 2502 626 2560 fecerit?
707 2503 985 2560 Profecto
1025 2503 1205 2561 nihil:
1253 2510 1301 2561 si
1341 2503 1437 2561 hic
1468 2504 1565 2575 illi,
1596 2514 1660 2560 ut
1699 2508 1776 2560 no
1817 2504 1889 2559 sit
1928 2503 2211 2577 impone3

141 2603 180 2652 si
203 2598 287 2656 ille
316 2599 467 2672 huic,
500 2611 563 2658 ut
594 2601 816 2658 scelere
846 2602 1154 2659 solvamur.
1241 2602 1516 2674 Quonam
1550 2601 1723 2676 igitur
1764 2606 1941 2675 pacto
1980 2601 2216 2676 probari
2255 2621 2311 2651 20

141 2706 309 2767 potest
332 2698 572 2755 insidias
604 2699 817 2756 Miloni
845 2700 1054 2756 fecisse
1079 2699 1402 2757 Clodium?
1486 2700 1635 2758 Satis
1658 2709 1746 2756 est
1769 2700 1828 2756 in
1855 2700 1949 2755 illa
1970 2698 2212 2772 quidem

143 2801 242 2850 tam
293 2795 514 2869 audaci,
560 2806 682 2853 tam
738 2797 959 2854 nefaria
1014 2797 1189 2854 be'lua
1238 2796 1457 2854 docere
1517 2803 1790 2872 magnam
1848 2803 1901 2853 ei
1957 2815 2213 2867 causam,

145 2898 383 2967 magnam
424 2913 592 2969 spem
633 2895 691 2952 in
733 2895 977 2953 Milonis
1022 2905 1211 2953 morte
1250 2895 1636 2969 propositam,
1667 2900 1908 2969 magnas
1938 2894 2215 2951 utilitates

147 2987 306 3049 fuisse.
376 2994 588 3066 Itaque
621 2992 764 3049 illud
790 2993 1134 3051 Cassianum
1161 2997 1177 3024 ‘
1199 2994 1292 3050 cui
1323 2993 1487 3050 bono
1511 2993 1684 3050 suerit
1706 2994 1718 3018 '
1750 2993 1808 3048 in
1839 2993 1927 3049 his
1951 2997 2214 3066 personis

145 3087 321 3160 valeat,
363 3097 470 3147 etsi
526 3091 666 3148 boni
723 3090 884 3147 nollo
928 3092 1331 3149 Emolumento
1391 3091 1769 3165 impelluntur
1824 3090 1884 3146 in
1928 3089 2213 3161 fraudem,
2256 3103 2308 3152 25

148 3182 367 3259 improbi
408 3206 585 3263 saepe
629 3194 827 3263 parvo.
916 3191 1094 3263 Atqui
1142 3189 1368 3245 Milone
1423 3189 1736 3245 interfecto
1779 3187 2024 3245 Clodius
2067 3186 2214 3244 haec

150 3282 579 3359 adsequobatur:
629 3293 746 3344 non
778 3286 961 3345 modo
990 3298 1055 3345 ut
1084 3295 1320 3363 praetor
1349 3296 1504 3345 esset
1543 3292 1663 3344 non
1704 3291 1776 3342 eo
1815 3285 2056 3343 consule
2095 3290 2215 3359 quo

152 3382 348 3440 sceleris
381 3385 524 3442 nihil
565 3385 755 3443 facere
796 3395 1016 3460 posset,
1047 3384 1154 3444 sed
1192 3387 1368 3443 etiarn
1407 3396 1469 3442 ut
1505 3385 1573 3442 iis
1608 3384 1944 3441 consulibus
1979 3393 2217 3457 praetor

154 3490 276 3537 esset
309 3484 513 3556 quibus
553 3491 597 3541 si
638 3489 760 3541 non
795 3484 1205 3542 adiuvantibus
1235 3495 1295 3541 at
1324 3483 1731 3541 coniventibus
1762 3486 1921 3539 certo
1955 3485 2215 3555 spararet

155 3591 296 3646 posse
320 3585 378 3638 sa
407 3580 649 3639 alodere
680 3582 740 3638 in
772 3582 879 3639 illis
910 3588 1024 3640 suis
1057 3582 1327 3657 cogitatis
1362 3581 1647 3638 furoribus
1671 3600 1687 3651 3
1734 3580 1899 3636 caius
1930 3579 2008 3635 illi
2037 3583 2213 3635 cona-
2257 3588 2312 3633 30

156 3676 320 3745 t1’18,ut
357 3678 481 3752 ipse
526 3679 1002 3750 ratiocinabatur,
1033 3698 1144 3736 nec
1182 3689 1471 3753 cuperent
1512 3677 1830 3752 reprimere
1868 3683 1914 3733 si
1954 3684 2213 3750 possent,

159 3785 265 3829 cum
290 3784 504 3834 tanturn
533 3776 893 3834 beneficium
917 3783 972 3833 ei
1002 3781 1064 3834 so
1094 3776 1316 3835 dabore
1347 3776 1782 3842 arbitrarentur,
1816 3782 1874 3829 et
1903 3779 1950 3828 si
1979 3770 2213 3840 vellent,
