2719 4161
885 254 1041 313 PRO
1105 255 1436 314 MILONE
2080 265 2105 312 1
2124 265 2164 333 9
2176 264 2212 338 5

91 445 234 510 irae,
290 449 520 497 vestrae
565 438 873 514 religiones
916 439 1223 514 viguErunt
1248 461 1262 510 ;
1306 450 1498 497 vestra
1533 447 1620 498 vis
1666 439 1861 510 valuit,
1899 457 2076 514 quam
2121 439 2217 497 ille

913 543 1078 593 omni
1155 538 1376 595 scelere
1456 538 1743 611 polluerat
1775 558 1790 608 3
1878 541 2088 620 tfique,
2144 555 2216 595 ex

915 639 1017 691 tuo
1100 634 1263 691 edito
1361 643 1585 703 monte,
1681 635 1925 692 Latiaris
2012 640 2214 692 sancte

916 731 1198 806 Iuppiter,
1229 732 1395 788 essius
1426 732 1520 789 ille
1552 732 1732 803 lacUS,
1756 750 2020 803 nemora,
2047 733 2212 789 finis-

913 847 1029 902 que
1104 847 1283 903 saepe
1350 835 1515 886 omni
1585 829 1812 887 nefario
1881 835 2085 904 stupro
2156 841 2213 888 et
2260 846 2282 894 5

914 926 1134 984 scelere
1191 927 1529 997 macularat,
1575 927 1895 1002 aliquando
1943 928 2019 985 ad
2078 946 2214 985 eum

913 1024 1281 1099 pi‘miendum
1347 1024 1551 1082 oculos
1622 1026 1919 1100 aperuisti.
2030 1026 2213 1084 Vobis

912 1121 1064 1192 illae,
1114 1122 1281 1179 vobis
1328 1127 1524 1179 vestro
1567 1121 1626 1179 in
1678 1127 2004 1197 conspecti]
2050 1129 2213 1181 serae

913 1219 1016 1276 sed
1075 1219 1259 1277 ifistae
1317 1228 1519 1277 tamen
1576 1231 1634 1279 et
1692 1220 1929 1278 debitae
1985 1239 2213 1295 poenae

911 1317 1136 1375 soli-itae
1165 1326 1318 1374 sunt.
2258 1348 2312 1380 10

995 1414 1124 1472 Nisi
1148 1415 1299 1473 forte
1323 1415 1438 1473 hoc
1462 1415 1641 1474 etiam
1665 1420 1801 1473 cassi
1835 1416 2054 1474 sactum
2086 1435 2213 1475 esse

913 1509 1197 1583 dicemus,
1211 1523 1274 1571 ut
1296 1523 1435 1570 ante
1459 1513 1651 1587 ipsum
1672 1515 1987 1570 sacrarium
2015 1516 2213 1572 Bonae

914 1610 1080 1668 Deae
1119 1610 1282 1684 quod
1313 1620 1401 1669 est
1433 1611 1492 1667 in
1529 1611 1714 1668 fundo
1742 1612 1811 1668 T.
1844 1612 2005 1685 Sergi
2039 1613 2210 1681 Galli,

912 1707 972 1763 in
995 1714 1197 1782 primis
1230 1708 1463 1766 honesti
1496 1718 1554 1766 et
1583 1714 1772 1766 ornati
1803 1707 2211 1781 adulescentiS,

911 1815 1049 1863 ante
1116 1807 1323 1880 ipsam,
1383 1807 1642 1881 inquam,
1710 1808 1934 1864 Bonam
2001 1809 2210 1876 Deam,
2258 1830 2306 1877 15

912 1922 1048 1960 cum
1120 1905 1411 1978 proelium
1490 1904 1898 1972 commisisset,
1957 1911 2211 1978 primum

910 2000 1054 2058 illud
1083 2002 1289 2059 vulnus
1320 2002 1618 2077 acciperet
1655 2006 1776 2076 quo
1817 2003 2209 2059 taeterrimam

911 2111 1164 2158 mortem
1189 2101 1398 2171 obiret,
1420 2112 1481 2158 ut
1510 2106 1631 2157 non
1663 2100 1960 2158 absolfitus
1992 2102 2211 2158 ificlicio

908 2198 1007 2254 illo
1079 2198 1304 2255 nefario
1371 2198 1666 2256 vidEretur
1735 2198 1842 2256 sed
1909 2197 1985 2255 ad
2057 2198 2211 2257 hanc

905 2301 1199 2369 insignem
1245 2313 1500 2370 poenam
1545 2301 1890 2354 reservatus.
2253 2317 2309 2348 20

113 2468 204 2515 The
231 2472 550 2519 unhallowed
579 2471 741 2519 burial
765 2471 819 2519 of
848 2471 1049 2519 Clodius
1074 2484 1106 2518 a
1133 2470 1197 2519 fit
1228 2471 1412 2532 ending
1439 2470 1518 2520 fo*
1544 2485 1576 2519 a
1605 2471 1694 2518 life
1720 2470 1772 2520 of
1797 2472 2013 2531 impious
2041 2473 2208 2519 crime.

179 2590 428 2648 XXXII.
475 2592 531 2648 N
539 2609 607 2649 ec
625 2596 764 2649 νὲτὸ
793 2596 915 2649 non
935 2591 1146 2649 eadem
1174 2598 1260 2648 ira
1281 2590 1531 2649 deorum
1551 2591 1702 2649 hanc
1722 2592 1843 2649 eius
1867 2592 2211 2651 satellitibus

117 2684 293 2745 iniecit
322 2689 665 2760 amentiam,
686 2698 751 2748 ut
781 2689 907 2747 sine
939 2689 1308 2764 imaginibus,
1330 2691 1456 2748 sine
1480 2695 1655 2748 canu-1
1687 2700 1864 2764 atque
1894 2690 2062 2759 lfidis,
2083 2690 2209 2749 sine

116 2787 403 2860 exsequiis,
437 2788 563 2845 sine
606 2787 895 2858 limeum,
928 2788 1053 2845 sine
1098 2787 1552 2858 laudationibuS,
1584 2790 1708 2845 sine
1739 2790 1961 2860 ffinere,
1992 2788 2207 2847 oblitus

118 2887 300 2941 cruore
330 2896 390 2942 et
414 2885 556 2956 luto,
581 2886 860 2960 spoliatus
892 2885 1040 2943 illius
1063 2891 1324 2961 supremi
1343 2885 1462 2943 diei
1482 2886 1842 2955 celebritate,
1867 2887 1959 2942 cui
1992 2887 2205 2944 cedere

117 2978 312 3039 inimici
350 2983 533 3040 etiam
564 2984 772 3054 solent,
809 2983 1216 3042 ambfireretur
1252 2983 1533 3040 abiectus.
1638 2984 1774 3039 Non
1817 2983 1988 3039 fuisse
2025 2984 2205 3041 credo
2248 3003 2300 3051 ²5

121 3075 196 3133 fas
245 3079 693 3138 clarissimorum
749 3081 1007 3138 virorum
1063 3081 1279 3138 formas
1336 3080 1416 3137 illi
1473 3080 1810 3138 taeterrimo
1880 3080 2206 3154 parricidae

119 3173 310 3249 aliquid
354 3178 589 3236 decoris
631 3177 881 3247 adferre,
911 3196 1106 3252 neque
1137 3179 1257 3235 fillo
1294 3178 1353 3234 in
1395 3178 1529 3235 loco
1564 3178 1760 3252 potius
1799 3187 2052 3235 mortem
2083 3179 2206 3235 eius

122 3269 333 3332 lacerari
381 3290 562 3350 quam
608 3276 668 3332 in
714 3281 833 3350 quo
869 3286 1020 3334 esset
1057 3283 1174 3334 vita
1209 3276 1509 3334 damnata.

188 3371 352 3443 Dfira,
394 3379 490 3431 me
537 3373 668 3430 dius
718 3374 909 3444 fidius,
951 3375 1091 3431 mihi
1144 3375 1260 3432 iam
1307 3375 1539 3431 forti-ma
1591 3371 1800 3447 populi
1844 3375 2099 3431 Romani
2146 3386 2204 3433 et

126 3468 343 3527 erfidelis
369 3472 697 3544 videbatur,
729 3490 882 3547 quae
920 3481 1007 3530 tot
1047 3479 1232 3529 annos
1262 3473 1425 3528 illum
1468 3472 1526 3527 in
1560 3471 1711 3528 hanc
1742 3489 1863 3528 rem
1904 3471 2204 3545 pfiblicam
2246 3495 2303 3540 30

125 3567 364 3625 insultare
411 3575 729 3643 pateretur.
844 3570 1136 3628 Polluerat
1183 3574 1388 3643 stupro
1435 3568 1829 3626 sanctissimas
1874 3570 2201 3643 religione&

130 3669 328 3722 senatfis
373 3668 713 3741 gravissima
752 3668 992 3725 decreta
1033 3668 1412 3741 perfregerat,
1446 3666 1700 3739 peei‘mia
1734 3672 1794 3724 se
1832 3673 1865 3723 {i
1910 3667 2201 3725 iiidicibus

130 3758 290 3831 palam
326 3764 675 3838 redemerat,
705 3770 944 3824 vexarat
983 3764 1043 3820 in
1079 3764 1378 3821 tribfinatfi
1416 3770 1707 3832 senatum,
1746 3763 2008 3819 omnium
2042 3763 2198 3818 ordi-
