2719 4161
500 195 639 287 256
1109 207 1473 264 LETTERS
1532 208 1638 264 oF
1697 207 2002 264 CICERO

494 389 632 446 satis
662 389 831 448 nobis
861 388 1145 463 prodesse
1174 390 1377 464 possit.
1464 390 1661 447 Etiam
1706 389 1849 447 illud
1892 394 2113 461 metuo,
2144 393 2221 447 ne
2266 388 2386 446 iam
2427 387 2568 444 inter-

493 486 820 557 cludamur,
871 497 934 544 ut
984 505 1121 543 cum
1177 487 1367 544 velitis
1425 493 1601 558 exire,
1652 492 1772 545 non
1829 487 2020 544 liceat.
2127 486 2447 561 Reliquum
2490 496 2572 554 est,

492 583 656 659 quod
689 585 853 659 ipsae
888 585 1114 658 optime
1151 584 1620 656 considerabitis,
1650 591 1827 642 vestri
1858 585 2074 643 similes
2110 582 2572 658 feminaesintne

492 683 763 755 Romae3
807 688 857 740 si
895 682 1054 739 enim
1086 686 1209 739 non
1244 693 1398 753 sunt,
1428 681 1755 741 videndum
1797 691 1889 740 est
1930 692 1994 740 ut
2037 682 2289 740 honeste
2330 685 2437 739 vos
2474 698 2574 737 esse

431 795 454 844 5
490 781 745 854 possitiS.
831 780 968 853 Quo
1000 778 1183 837 modo
1214 779 1458 854 quidem
1495 798 1652 837 nunc
1692 784 1755 838 se
1792 784 1883 837 res
1921 778 2119 851 habet,
2152 778 2337 836 modo
2368 788 2432 836 ut
2457 777 2578 835 haec

491 879 662 937 nobis
705 879 837 936 loca
879 882 1080 936 tenere
1124 877 1315 949 liceat,
1364 877 1681 935 bellissime
1723 877 1821 935 vel
1862 881 2096 935 mecum
2138 876 2232 934 vel
2283 876 2347 933 in
2395 880 2577 933 nostris

491 975 744 1051 praediis
794 994 921 1034 esse
978 976 1264 1051 poteritiS.
1350 976 1548 1033 Etiam
1600 973 1743 1033 illud
1793 974 2114 1033 verendum
2168 983 2277 1046 est,
2322 978 2398 1032 ne
2447 974 2580 1031 brevi

491 1083 760 1149 tempore
790 1073 972 1133 fames
1001 1074 1061 1131 in
1090 1074 1233 1132 urbe
1263 1074 1356 1132 sit.
1447 1075 1558 1132 His
1588 1073 1665 1133 de
1693 1073 1868 1132 rebus
1890 1072 2067 1131 velim
2090 1091 2225 1130 cum
2252 1070 2581 1146 Pomponio,

490 1189 628 1229 cum
657 1172 929 1243 Camillo,
959 1190 1095 1229 cum
1126 1172 1338 1246 quibus
1367 1173 1535 1230 vobis
1565 1171 1860 1229 videbitur
1889 1170 2298 1241 consideretis
2330 1168 2408 1229 ad
2439 1185 2579 1226 sum·

402 1292 457 1324 ιο
491 1287 649 1327 mam
683 1270 882 1327 animo
911 1270 1048 1327 forti
1075 1270 1218 1328 sitis.
1306 1269 1605 1328 Labienus
1636 1287 1760 1327 rem
1793 1268 2101 1326 meliorem
2130 1268 2328 1340 fecit3
2372 1266 2581 1328 adiuvat

491 1367 671 1424 etiam
713 1369 865 1439 Piso,
896 1366 1059 1442 quod
1088 1368 1164 1427 ab
1192 1368 1338 1427 urbe
1369 1366 1627 1426 discedit
1664 1377 1724 1426 et
1762 1366 1998 1426 sceleris
2029 1364 2398 1424 condemnat
2426 1382 2582 1439 gene·

489 1482 621 1521 rum
647 1482 837 1522 suum.
891 1466 1061 1544 ,Vs-'⁸2
1095 1483 1263 1524 meae
1292 1465 1629 1524 carissimae
1660 1465 1914 1537 animae,
1945 1482 2125 1539 quam
2155 1463 2499 1539 saepissime
2520 1460 2583 1518 ad

491 1566 588 1619 me
628 1561 867 1620 scribite
906 1573 966 1620 et
1003 1568 1107 1621 v6s
1150 1562 1296 1638 quid
1339 1564 1525 1638 agatis
1571 1573 1631 1622 et
1670 1562 1841 1638 quid.
1866 1562 2001 1621 istic
2042 1567 2269 1636 agatur.
2356 1560 2585 1635 Quintus

489 1668 660 1735 pater
687 1668 749 1717 et
779 1659 941 1718 filius
975 1668 1038 1718 et
1070 1659 1261 1718 Riifus
1287 1661 1456 1720 vobis
1484 1678 1532 1719 S.
1563 1660 1624 1719 d.
1705 1660 1941 1719 Valete.
2022 1675 2126 1717 vm
2157 1660 2239 1718 K.
2271 1658 2582 1717 Mintumi's.

1472 1872 1631 1932 VIII

885 2019 1113 2070 Tullius
1152 2020 1469 2071 'terentiae
1511 2019 1678 2071 Suae
1720 2020 1845 2072 Sal.
1890 2020 2221 2071 Plurimam

400 2156 451 2206 ι5
569 2145 781 2205 Omnis
825 2145 1121 2203 molestia-s
1166 2155 1226 2203 et
1268 2145 1713 2220 sollicitudin'e‘S,
1746 2146 1961 2222 quibus
2004 2155 2065 2203 et
2109 2151 2170 2204 te
2216 2145 2582 2204 miserrimam

489 2243 684 2316 habui,
715 2241 776 2301 id
806 2241 969 2319 quod
1000 2242 1143 2300 mihi
1174 2244 1653 2302 molestissimum
1685 2254 1790 2316 est,
1817 2254 1877 2302 et
1898 2243 2234 2324 Tulliolam,
2259 2261 2414 2318 quae
2437 2241 2583 2299 nobis

485 2346 687 2398 nostra
725 2346 845 2398 νῑῐεῑ
886 2340 1116 2398 dulcior
1153 2349 1262 2412 est,
1290 2340 1545 2416 deposui
1587 2350 1646 2398 et
1688 2341 1854 2399 eieci.
1942 2339 2105 2415 Quid
2148 2359 2367 2399 causae
2410 2350 2585 2398 autem

487 2438 675 2509 fuerit,
707 2438 991 2513 postridie
1033 2438 1293 2495 intellexi
1332 2456 1511 2513 quarn
1545 2444 1581 2496 'a'
1611 2439 1779 2497 vobis
1823 2437 2104 2497 discessi:
2149 2439 2335 2516 χολὴν
2371 2439 2587 2514 ἄκρατον

631 2538 800 2548 ——1-

486 2546 667 2593 noctu
711 2536 878 2607 eieci,
909 2535 1105 2593 statim
1134 2535 1217 2592 ita
1245 2553 1375 2592 sum
1412 2536 1635 2594 levatus
1665 2545 1733 2593 ut
1763 2536 1907 2594 mihi
1938 2535 2085 2594 deus
2116 2535 2331 2610 aliquis
2362 2532 2584 2592 medici-

393 2661 453 2695 20
487 2652 625 2691 nam
673 2633 886 2692 fecisse
927 2632 1196 2691 videatur
1215 2653 1232 2706 ;
1291 2633 1389 2691 cui
1432 2633 1676 2708 quidem
1715 2639 1788 2692 τῦ
1830 2635 1966 2706 deo,
2010 2652 2196 2710 quem
2237 2633 2315 2692 ad
2363 2630 2584 2690 modum

487 2732 658 2804 solES,
703 2731 801 2806 pie
851 2740 911 2788 et
960 2734 1123 2789 caste
1172 2730 1511 2804 satisfaciES,
1560 2730 1622 2790 id
1671 2742 1761 2790 est
1809 2733 2071 2808 Apollini·
2119 2741 2181 2790 et
2229 2730 2586 2806 Aesculapii).

569 2906 614 2955 3.
638 2891 830 2942 vestri
848 2891 1114 2941 uimiles:
1154 2893 1218 2957 of
1231 2908 1371 2958 your
1395 2895 1548 2943 rank.
1605 2893 1651 2944 6.
1689 2895 2057 2945 bellissime:
2097 2901 2224 2943 most
2243 2892 2585 2954 convenientIy.

485 2982 532 3030 9.
556 2969 637 3018 ad
660 2982 975 3017 summam:
1006 2970 1065 3017 in
1090 2968 1236 3017 short.
1314 2983 1388 3018 10.
1413 2971 1750 3020 Labienus:
1778 2973 1837 3020 T.
1866 2971 2136 3028 Labienus,
2157 2970 2389 3019 Caesar's
2410 2969 2583 3017 famous

484 3045 759 3094 lieutenant
795 3046 975 3107 during
1012 3044 1090 3093 his
1125 3045 1419 3109 campaigns
1453 3047 1506 3094 in
1544 3046 1690 3096 Gaul.
1764 3048 1844 3097 On
1882 3046 1970 3095 the
2005 3045 2260 3107 breaking
2296 3051 2386 3103 out
2421 3044 2477 3092 os
2514 3042 2586 3091 the

486 3121 601 3170 civil
623 3136 739 3179 war,
765 3121 1018 3169 Labienus
1044 3122 1272 3169 deserted
1300 3121 1378 3169 his
1404 3121 1487 3169 old
1513 3124 1840 3171 commander
1870 3124 1971 3170 and
2005 3120 2182 3184 joined
2209 3122 2450 3184 Pompey.
2516 3118 2586 3165 He

485 3196 571 3246 fell
594 3197 646 3245 in
668 3195 755 3244 the
780 3196 934 3243 battle
960 3196 1017 3244 of
1049 3197 1257 3253 Munda,
1294 3209 1356 3262 45
1385 3209 1481 3246 B.C.
1575 3210 1647 3247 11.
1684 3198 1860 3247 Piso:
1903 3199 1958 3246 L.
1993 3197 2136 3255 Pis0‚·
2159 3196 2390 3245 Caesar’s
2425 3195 2586 3244 father-

484 3273 671 3331 in·law‚
707 3272 806 3319 had
841 3272 1203 3335 accompanied
1253 3274 1477 3337 Pompey
1511 3273 1563 3321 in
1600 3273 1676 3321 his
1711 3273 1855 3336 flight
1891 3273 2018 3321 from
2055 3273 2238 3321 Rome.
2322 3272 2411 3320 He
2440 3269 2586 3330 finally

482 3347 720 3398 returned
777 3354 829 3395 to
885 3347 972 3395 the
1031 3347 1145 3408 city,
1208 3347 1456 3407 however,
1504 3349 1604 3397 and
1662 3349 1972 3397 maintained
2031 3364 2061 3396 a
2119 3348 2262 3397 strict
2322 3345 2584 3406 neutrality.

488 3438 563 3488 13.
600 3424 862 3485 Quintus
887 3460 898 3472 .
925 3459 937 3472 .
965 3461 975 3471 .
999 3423 1193 3472 filius:
1233 3423 1448 3473 Cicero's
1482 3424 1689 3474 brother
1723 3425 1942 3488 Quintus
1977 3425 2081 3473 and
2111 3423 2191 3472 his
2222 3423 2472 3472 brother's
2492 3436 2585 3471 son.

489 3515 562 3562 14.
596 3501 786 3550 Rufus
808 3519 819 3549 ε
856 3499 1077 3564 perhaps
1102 3498 1319 3550 Cicero’s
1344 3507 1577 3563 quaestor
1602 3501 1653 3548 in
1678 3501 1854 3549 Cilicia
1878 3500 1919 3549 is
1942 3509 2131 3550 meant.

566 3579 712 3626 Fam.
744 3590 816 3635 14.
845 3587 888 3638 7,
912 3575 1108 3623 written
1135 3590 1201 3622 on
1226 3576 1517 3639 shipboard,
1543 3593 1606 3625 en
1639 3583 1782 3625 route
1811 3577 1940 3625 from
1965 3577 2140 3625 Caieta
2164 3583 2218 3635 to
2247 3574 2357 3638 join
2384 3576 2585 3639 Pompey

483 3653 537 3701 in
561 3653 767 3708 Greece,
791 3651 921 3712 June
948 3661 992 3711 7,
1015 3661 1081 3709 49
1104 3660 1200 3696 B.C.
1218 3676 1286 3685 —
1307 3651 1381 3700 16.
1406 3652 1621 3702 habui:
1650 3654 1688 3700 I
1700 3653 1827 3701 have
1849 3653 1972 3719 kept.
2038 3651 2114 3701 18.
2136 3648 2316 3719 χολὴν
2339 3649 2583 3717 anepos-ov:

476 3734 614 3792 pure
637 3726 744 3773 bile.
1405 3725 1413 3732 ’
2052 3743 2055 3746 ’
