2719 4161
386 1307 439 1337 10

490 229 515 275 1
529 211 620 295 48
1039 219 1467 276 ORATIONS
1527 220 1634 276 OF
1692 218 2002 277 CICERO

479 399 773 476 gerendae
804 405 939 476 spes
968 400 1434 459 ceustituebetur
1463 412 1525 459 ut
1555 401 1806 459 duerum
1838 402 2146 459 censulum
2177 406 2400 460 miinus
2429 407 2597 460 finius

480 499 875 556 adulescentis
905 499 1099 556 viru-iti
1129 499 1619 557 committeretur.

562 596 723 668 Quid
775 605 895 654 tam
945 597 1233 671 singulare
1283 614 1463 670 quam
1513 606 1576 654 ut
1625 614 1699 653 ex
1753 600 1991 654 senetfis
2042 597 2318 655 censulte
2370 596 2599 671 legibus
2699 612 2701 619 ·

480 694 703 751 soli-itus
738 694 943 751 censul
989 704 1128 751 ante
1178 693 1344 750 fieret
1384 711 1562 768 quam
1604 694 1784 750 fillum
1820 694 1999 751 alium
2039 694 2453 769 magistratum
2497 711 2601 768 per
2699 714 2701 727 ¹

481 791 639 867 leges
677 810 890 866 capere
932 792 1230 849 licuisset?
1312 790 1475 864 Quid
1515 803 1636 848 tam
1675 791 2020 849 incredibile
2052 809 2232 865 quam
2272 802 2339 850 ut
2378 792 2599 849 iterum
2699 770 2701 831 ἶ

481 907 664 964 eques
710 891 1015 947 Remenus
1065 907 1137 946 ex
1187 893 1423 946 senetfis
1472 889 1743 947 censulte
1794 888 2225 963 triumpheret?
2309 889 2488 961 Quae
2540 890 2603 946 in
2699 910 2701 967 j

479 988 754 1046 omnibus
783 987 1119 1046 hominibus
1161 1005 1314 1045 nova
1353 998 1487 1062 post
1527 986 1833 1045 hominum
1877 987 2225 1065 memoriam
2267 988 2600 1045 censtitfita
2699 972 2701 1037 ἶ

480 1096 632 1157 sunt,
678 1103 748 1142 ea
797 1094 918 1142 tam
975 1085 1157 1142 multa
1213 1089 1334 1142 nen
1391 1094 1524 1142 sunt
1579 1102 1760 1159 quam
1817 1084 1967 1142 haec
2010 1103 2163 1159 quae
2206 1085 2267 1142 in
2314 1085 2433 1142 hoc
2480 1104 2602 1142 uno

481 1182 720 1240 homine
749 1182 1035 1240 videmus.
1124 1185 1319 1257 Atque
1350 1182 1498 1240 haec
1529 1192 1618 1240 tot
1648 1183 1937 1256 exempla,
1964 1191 2129 1239 tanta
2157 1201 2230 1239 ac
2263 1191 2388 1239 tam
2423 1201 2599 1254 nova,
2699 1248 2701 1263 Ι

481 1281 746 1354 profecta
765 1290 897 1338 sunt
920 1281 979 1337 in
1003 1279 1260 1338 eundem
1284 1280 1587 1336 hominem
1610 1285 1645 1337 Ξ
1668 1281 1743 1353 Q.
1769 1280 1966 1337 Catuli
1995 1289 2175 1354 atque
2197 1285 2234 1337 Ξ
2254 1284 2602 1338 cetererum

482 1378 747 1436 eiusdem
776 1378 1079 1453 dignitatis
1108 1378 1600 1453 amplissimerum
1634 1377 1940 1435 hominum
1973 1377 2346 1436 aucteritete.

384 2094 432 2141 Ῑ5

377 2588 434 2619 20

377 3059 429 3106 25

375 3546 431 3591 30

507 1580 613 1626 The
641 1579 906 1640 Judgment
935 1579 988 1627 of
1015 1582 1104 1627 the
1135 1581 1325 1627 Roman
1356 1581 1530 1639 people
1560 1582 1734 1639 amply
1765 1580 2069 1627 vindicated.
2146 1579 2377 1640 Pompey
2410 1580 2566 1627 alone

1089 1668 1181 1702 can
1210 1658 1402 1702 restore
1432 1657 1521 1702 the
1551 1655 1775 1702 national
1805 1657 1971 1701 honor.

559 1776 757 1832 XXII.
814 1774 949 1847 Quae
986 1780 1050 1833 re
1082 1774 1322 1833 videant
1365 1779 1441 1832 ne
1482 1775 1556 1832 sit
1594 1775 1966 1850 periniquum
2012 1783 2072 1832 et
2109 1778 2230 1831 nen
2275 1772 2607 1832 ferendum
2699 1756 2701 1767 ¹

478 1872 709 1930 illerum
741 1873 1150 1930 aucteritetem
1185 1872 1262 1930 de
1292 1874 1405 1932 Cn.
1441 1875 1686 1948 Pompei
1723 1871 2011 1955 dignitete
2049 1877 2085 1929 e
2112 1871 2279 1929 vebis
2311 1890 2603 1946 compro-
2699 1914 2701 1931 ,

479 1970 679 2028 betam
708 1988 941 2044 semper
969 1988 1116 2041 esse,
1139 1981 1397 2028 vestrum
1427 1970 1503 2028 ab
1532 1971 1639 2027 illis
1670 1969 1747 2027 de
1778 1969 1994 2027 eedem
2028 1968 2271 2026 homine
2302 1968 2608 2027 ifidicium

478 2068 799 2144 populique
830 2069 1089 2126 Reme-mi
1117 2069 1528 2128 aucte->ritatem
1559 2068 1895 2143 improberi,
1923 2067 2271 2143 praesertim
2303 2085 2443 2124 cum
2481 2067 2606 2126 iam

478 2172 585 2223 sue
623 2167 746 2224 iere
785 2166 1038 2240 populus
1077 2167 1380 2224 Remenus
1420 2168 1478 2224 in
1519 2166 1633 2224 hec
1675 2165 1915 2223 homine
1960 2184 2126 2223 suam
2168 2165 2609 2223 aucteritatem
2699 2183 2701 2250 j

476 2264 570 2321 vel
613 2269 822 2321 contre,
863 2270 1053 2320 omnis
1095 2270 1196 2338 qui
1244 2264 1598 2322 dissentiunt
1640 2264 1826 2338 possit
1877 2262 2223 2334 defendere,
2270 2269 2611 2337 propteree
2699 2257 2701 2262 ’

476 2361 640 2436 quod
695 2361 885 2419 isdem
943 2361 1066 2419 istis
1115 2362 1569 2420 recffimantibus
1610 2366 1716 2420 ves
1759 2366 1942 2418 sinum
1987 2361 2149 2419 illum
2194 2380 2270 2419 ex
2313 2363 2611 2421 omnibus
2699 2377 2701 2434 ζ

477 2459 772 2534 delegistis
814 2477 991 2534 quem
1036 2459 1193 2517 belle
1236 2459 1602 2533 praede->num
1649 2460 2111 2534 praepeneretiS.
2204 2461 2350 2518 Hec
2397 2468 2448 2518 si
2498 2467 2609 2519 ves
2699 2527 2701 2542 Ι

477 2562 700 2615 temere
757 2557 976 2615 fecistis
1021 2568 1078 2615 et
1135 2563 1219 2614 rei
1278 2557 1550 2631 pfiblicae
1598 2576 1806 2632 parum
1849 2558 2243 2630 censuluistis,
2287 2563 2459 2617 recte
2507 2561 2610 2618 isti
2699 2579 2701 2640 ς

475 2655 668 2712 studia
697 2665 887 2712 vestra
915 2662 1031 2712 suis
1054 2655 1310 2712 censiliis
1336 2673 1537 2730 regere
1568 2661 1870 2714 cenantur.
1959 2657 2058 2714 Sin
2089 2666 2292 2714 autem
2320 2662 2433 2715 ves
2455 2660 2611 2733 ‘pli-is
2699 2699 2701 2708 ·

474 2762 600 2810 tum
643 2754 705 2809 in
746 2757 808 2810 re
851 2753 1085 2827 pfiblice
1126 2752 1368 2824 vidistiS,
1414 2759 1518 2811 ves
1560 2756 1628 2811 iis
1690 2756 2156 2830 repsignantibus
2208 2772 2318 2830 per
2359 2761 2613 2814 vesrnet
2699 2827 2701 2834 Ι

474 2851 633 2924 ipses
663 2850 1009 2925 dignita-item
1042 2850 1178 2907 huic
1219 2850 1487 2925 imperie,
1522 2852 1771 2910 sah-item
1803 2853 1932 2910 orbi
1970 2859 2255 2911 terrerum
2293 2854 2611 2927 attulistis,
2699 2837 2701 2852 ⁵

475 2948 791 3022 aliquande
834 2949 928 3006 isti
970 2949 1266 3023 principes
1307 2960 1367 3008 et
1405 2937 1615 3008 sibiet
1655 2956 1867 3009 ceteris
1907 2951 2112 3026 populi
2156 2952 2429 3009 Remeni
2472 2954 2612 3011 fini·
2699 2941 2701 2952 ¹

473 3053 623 3103 versi
653 3047 986 3104 aucteriteti
1015 3046 1346 3121 petendum
1380 3065 1506 3105 esse
1539 3048 1842 3106 fateantur.
1906 3043 1923 3058 ⁶

554 3146 750 3218 Atque
780 3144 842 3200 in
870 3145 985 3201 hec
1014 3133 1171 3203 belle
1211 3146 1472 3203 Asietice
1506 3157 1563 3204 et
1603 3148 1765 3221 regie
1803 3153 1923 3205 nen
1963 3148 2152 3206 selum
2193 3149 2473 3209 militetis
2508 3151 2616 3209 illa
2699 3175 2701 3220 g

473 3242 669 3313 viru-15,
700 3260 850 3317 quae
901 3253 989 3300 est
1035 3243 1094 3299 in
1141 3243 1255 3301 Cn.
1304 3244 1591 3317 Pompeie
1636 3244 1957 3319 singuleris,
2002 3246 2108 3303 sed
2152 3246 2306 3305 aliae
2339 3266 2614 3324 quoque
2699 3309 2701 3318 ,

472 3340 713 3398 virtiites
757 3340 935 3397 animi
981 3347 1230 3416 megnae
1268 3351 1326 3398 et
1367 3342 1585 3399 multae
1628 3349 2013 3416 requiruntur.
2103 3344 2372 3403 Difficile
2404 3358 2503 3405 est
2547 3348 2614 3406 in
2699 3373 2701 3394 =

474 3438 629 3509 Asia-1,
674 3438 900 3509 Cilicia,
938 3438 1117 3511 Syrie,
1155 3443 1465 3512 regnisque
1510 3439 1854 3497 interierum
1897 3441 2205 3499 netienum
2253 3443 2340 3501 ita
2377 3451 2616 3503 verseri

474 3546 736 3593 nostrum
770 3536 1189 3610 impereterem
1228 3546 1301 3596 ut.
1329 3536 1473 3593 nihil
1512 3536 1669 3594 aliud
1710 3537 1818 3595 nisi
1860 3537 1938 3597 de
1977 3538 2148 3596 hoste
2190 3558 2265 3597 ac
2297 3541 2381 3599 de
2421 3543 2616 3602 laude

475 3634 717 3708 cegitet.
805 3632 1039 3691 Deinde
1077 3634 1253 3689 etiam
1285 3640 1333 3689 si
1363 3640 1465 3707 qui
1502 3642 1638 3690 sunt
1671 3634 1897 3708 pudere
1929 3654 1997 3692 ac
2028 3640 2443 3711 temperantia-i
2476 3660 2615 3699 rno-

477 3730 817 3800 deratiores,
846 3739 1043 3785 tamen
1068 3734 1170 3785 ees
1193 3746 1322 3786 esse
1346 3730 1475 3786 ta'lis
1498 3741 1740 3804 propter
1763 3732 2207 3791 multitudinem
2232 3736 2618 3811 cupiderum
