2719 4161
811 296 966 354 PRo
1030 297 1481 354 MARCELLO
2054 305 2190 377 223

94 478 630 554 nobilissimamque
676 479 953 537 familiam
1000 480 1117 538 iam
1160 479 1234 537 ad
1283 484 1506 555 paucos
1550 479 1853 537 redactam
1891 496 2083 553 paene
2120 480 2195 537 ab

93 576 319 633 interitfi
348 575 681 634 vindicasti.
770 578 950 634 Hunc
982 581 1043 634 tsi
1076 577 1248 651 igitur
1277 577 1438 634 diem
1471 583 1583 634 tuis
1620 576 1887 633 maximis
1924 586 1983 633 et
2027 576 2194 634 innu-

94 673 461 731 merabilibus
513 674 998 748 gratulationibus
1050 674 1173 731 iure
1223 678 1569 748 antepones
1675 674 1846 730 Haec
1894 673 2053 731 enim
2105 679 2196 732 res

93 773 249 827 tinius
285 780 375 827 est
420 771 661 846 propria
703 771 767 829 C.
804 771 1111 843 Caesaris3
1169 776 1406 829 ceterae
1436 770 1590 828 duce
1623 775 1680 829 te‘
1710 782 1912 845 gestae
1944 776 2194 846 magnae

94 867 214 924 illae
258 868 528 942 quidem,
572 867 678 926 sed
726 880 928 926 tamen
975 868 1161 926 multo
1208 874 1544 944 magnoque
1591 869 1896 928 comitatu.
2000 870 2195 928 Huius

94 975 278 1022 autem
307 972 392 1023 rei
425 970 489 1023 tii
520 965 679 1023 idem
710 984 773 1023 es
802 977 862 1024 et
892 965 1012 1024 dux
1042 975 1104 1024 et
1132 985 1337 1024 comes
1361 987 1377 1039 ;
1435 985 1587 1042 quae
1621 966 1864 1041 quidem
1902 978 2063 1025 tanta
2105 978 2195 1025 est

95 1072 152 1120 ut
189 1069 450 1138 tropaeis
498 1074 556 1121 et
593 1070 990 1122 monumentis
1029 1070 1142 1122 tuis
1179 1063 1446 1122 adlatura
1487 1064 1677 1122 finem
1710 1065 1784 1123 sit
1814 1071 1976 1123 aetas
2019 1065 2195 1140 (nihil

96 1170 174 1218 est
202 1161 361 1218 enim
393 1179 579 1236 opere
607 1172 667 1219 et
705 1166 882 1219 mansi
920 1162 1141 1220 factum
1179 1162 1345 1237 quod
1389 1166 1513 1220 non
1555 1162 1875 1237 aliquando
1918 1162 2194 1220 conficiat

98 1267 149 1315 et
194 1263 504 1317 consumat
550 1260 837 1336 vetustas)
862 1280 880 1332 ;
927 1269 989 1318 at
1038 1261 1187 1318 haec
1234 1270 1334 1318 tua
1383 1261 1600 1319 iustitia
1650 1272 1709 1318 et
1760 1261 1965 1319 leuitas
2012 1262 2195 1318 animi

99 1355 338 1415 florescit
369 1358 621 1415 cottidie
650 1358 852 1432 magiS,
879 1358 959 1416 ita
988 1368 1051 1416 ut
1079 1369 1365 1433 quantum
1398 1365 1510 1417 tuis
1539 1358 1815 1434 operibus
1843 1359 2194 1418 diuturnitas

99 1451 372 1527 detrahet,
406 1466 637 1512 tantum
667 1455 894 1513 adferat
924 1455 1210 1515 laudibuS.

171 1553 242 1609 Et
271 1558 505 1611 ceteros
534 1553 778 1628 quidem
810 1560 1002 1612 omnis
1026 1555 1274 1613 victores
1305 1554 1592 1613 bellorum
1623 1554 1881 1612 civilium
1911 1554 2027 1612 iam
2057 1565 2193 1612 ante

99 1650 380 1724 aequitate
424 1661 486 1708 et
530 1651 937 1709 misericordia
972 1657 1231 1724 viceras;
1290 1651 1582 1709 hodierno
1617 1656 1758 1709 vero
1786 1651 1883 1710 die
1915 1657 1972 1710 te
2003 1653 2192 1728 ipsum

98 1748 289 1806 vicisti.
402 1750 631 1807 Vereor
671 1758 737 1806 ut
780 1749 894 1807 boc
940 1749 1104 1824 quod
1147 1749 1345 1808 dicam
1405 1748 1653 1825 perinde
1712 1750 1970 1825 intellegi
2012 1750 2194 1824 possit

102 1844 346 1904 auditum
394 1857 575 1922 atque
623 1847 751 1922 ipse
796 1847 1063 1922 cogitans
1109 1848 1336 1905 sentio:
1401 1849 1588 1923 ipsam
1635 1847 1942 1905 victoriam
1986 1847 2191 1905 vicisse

102 1943 316 2016 videris,
359 1964 496 2002 curn
547 1962 621 2003 ea
665 1963 817 2020 quae
864 1945 962 2002 illa
1006 1955 1131 2003 erat
1176 1944 1397 2021 adepta
1441 1945 1608 2003 victis
1653 1946 1942 2003 remisisti.
2036 1946 2194 2002 Nam

106 2059 224 2098 cum
269 2043 446 2119 ipsius
482 2043 762 2101 victoriae
807 2042 1162 2103 condicione
1198 2049 1407 2102 omnes
1437 2043 1576 2102 victi
1604 2043 2046 2116 occidissemuS,
2077 2044 2192 2102 cle-

108 2142 343 2199 mentiae
373 2152 507 2199 tuae
532 2141 756 2199 iudicio
785 2147 1116 2200 conservati
1139 2161 1355 2200 sumus,
1445 2144 1633 2201 Recte
1655 2143 1826 2217 igitur
1844 2146 1991 2199 sinus
2014 2142 2192 2199 invic-

109 2246 187 2293 tus
215 2256 292 2310 eS,
323 2244 358 2296 Ξ
385 2244 506 2314 quo
541 2240 719 2297 etiarn
752 2240 932 2315 ipsius
966 2239 1247 2297 victoriae
1279 2239 1557 2297 condicio
1591 2246 1794 2315 visque
1825 2240 2059 2298 devicta
2087 2249 2196 2299 est.

109 2437 216 2487 This
244 2444 327 2488 act
357 2440 409 2488 of
436 2454 628 2501 mercy,
653 2440 992 2502 fwreaching
1017 2442 1070 2488 in
1099 2442 1173 2489 its
1197 2454 1585 2502 consequence&
1617 2444 1788 2490 shows
1821 2442 2055 2491 Caesar’s
2085 2444 2196 2490 love

1021 2516 1074 2564 of
1102 2529 1270 2576 peace.

177 2625 241 2683 V.
298 2629 490 2702 Atque
523 2627 638 2684 hoc
669 2628 739 2686 C.
772 2628 1041 2687 Caesaris
1074 2627 1374 2699 iiidiciurn,
1407 2634 1604 2704 patres
1648 2633 1985 2703 conscripti,
2017 2647 2193 2704 quam

115 2720 211 2780 late
240 2733 433 2798 pateat
465 2724 776 2783 attendite.
848 2725 1076 2784 Omnes
1106 2726 1263 2782 enirn
1296 2733 1397 2801 qui
1428 2726 1504 2784 ad
1534 2727 1630 2784 illa
1658 2746 1819 2784 arma
1851 2728 1970 2784 fato
2000 2746 2197 2784 sumus

116 2822 294 2878 nescio
322 2828 440 2897 qus)
469 2830 555 2880 rei
587 2824 859 2898 publicae
892 2824 1103 2880 misero
1136 2823 1497 2899 funestoque
1528 2824 1835 2899 compulsi,
1868 2831 1975 2882 etsi
2004 2825 2199 2899 aliqua

118 2917 269 2993 culpa
315 2925 587 2979 tenemur
637 2921 844 2978 erroris
904 2920 1163 2993 humani,
1215 2922 1438 2979 scelere
1490 2926 1651 2979 certe
1702 2921 1930 2979 liberati
1979 2941 2195 2980 sumus,

120 3014 254 3074 Nam
305 3038 438 3076 cum
499 3020 586 3076 M.
641 3019 987 3076 Marcellum
1045 3019 1504 3096 deprecantibus
1560 3020 1727 3076 vobis
1783 3026 1867 3076 rei
1924 3019 2195 3094 publicae

122 3117 472 3188 conservavit,
506 3122 604 3174 me
635 3129 693 3175 et
730 3117 872 3175 mihi
911 3128 971 3175 et
1010 3118 1149 3175 item
1188 3125 1272 3175 rei
1310 3117 1584 3192 publicae
1621 3117 1780 3174 nullo
1815 3116 2197 3192 deprecante,

121 3212 344 3287 reliquos
392 3215 792 3290 amplissimos
841 3215 993 3273 viros
1042 3226 1102 3273 et
1153 3215 1262 3273 sibi
1321 3216 1481 3290 ipsos
1532 3224 1591 3272 et
1641 3215 1864 3290 patriae
1916 3216 2196 3289 reddidit,

190 3385 227 3421 1.
268 3373 827 3436 nobilissimamque
869 3373 1186 3424 familiam:
1247 3391 1316 3424 sc.
1365 3391 1601 3438 quorum.
1691 3390 1734 3439 3.
1788 3377 2198 3438 gratulationi-

122 3445 240 3497 bus:
292 3451 474 3498 Caesar
508 3449 761 3497 mentions
796 3448 937 3497 three
972 3451 1352 3515 thanksgivings
1390 3452 1441 3498 in
1489 3452 1566 3500 his
1602 3452 1761 3501 Gallie
1801 3454 1947 3501 War:
2000 3470 2098 3501 one
2135 3455 2192 3502 of

125 3522 263 3572 fifteen
297 3527 415 3588 days
452 3525 502 3573 in
542 3538 602 3590 57
630 3537 741 3582 B.C.,
780 3526 879 3573 and
917 3533 1014 3573 two
1054 3526 1111 3573 of
1145 3534 1331 3589 twenty
1368 3528 1490 3590 days
1526 3528 1648 3576 each
1686 3529 1738 3576 in
1776 3541 1834 3593 55
1875 3532 1973 3577 and
2015 3543 2077 3595 52
2102 3543 2198 3579 B.C.

124 3602 439 3664 respectively3
503 3602 607 3649 Dio
648 3601 846 3649 Cassius
887 3602 1139 3650 mentions
1181 3618 1210 3649 a
1253 3603 1437 3661 fourth,
1475 3604 1532 3651 of
1569 3604 1696 3666 sorty
1735 3605 1872 3666 dayS,
1916 3606 1966 3653 in
2003 3606 2070 3665 46
2102 3618 2198 3656 B.C.

126 3673 159 3719 6·
197 3679 356 3725 tanta
389 3680 489 3726 est
521 3680 593 3725 ut
633 3712 645 3725 .
685 3713 695 3724 .
739 3713 750 3725 .
784 3677 1085 3727 florescit:
1126 3678 1491 3735 anacoluthon;
1538 3681 1580 3726 is
1602 3696 1650 3726 so
1675 3688 1825 3742 great
1843 3682 1962 3739 that,
1988 3683 2137 3730 while
2161 3684 2205 3730 it

128 3749 160 3794 is
178 3757 275 3800 true
297 3754 403 3801 that
422 3754 545 3801 time
568 3753 684 3800 will
702 3752 858 3817 bring
875 3769 946 3800 an
972 3754 1076 3800 end
1094 3790 1105 3801 .
1134 3789 1145 3801 .
1171 3790 1182 3802 .
1209 3762 1296 3816 yet
1307 3771 1447 3816 your
1454 3755 1655 3818 justice,
1682 3762 1776 3803 etc.
1852 3768 1925 3816 14.
1950 3757 2198 3816 perinde

127 3828 303 3888 atque:
338 3829 459 3892 just
477 3844 548 3877 as.
621 3841 699 3890 23.
733 3832 1032 3878 tenemur:
1070 3846 1145 3877 we
1169 3837 1306 3877 must
1328 3830 1492 3892 plead
1508 3831 1676 3893 guilty
1697 3836 1759 3878 to.

2239 1380 2292 1412 10

2239 1862 2289 1911 ¹5

2238 2654 2295 2686 20

2239 3138 2291 3188 25
