2719 4161
701 774 1670 852 SIGHT—READING

477 1068 687 1139 PRO
766 1067 1376 1138 MARCELLO
1454 1067 1876 1138 ORATIO

308 1279 534 1326 Caesas's
565 1279 940 1339 magnanimity
969 1279 1188 1338 compeln
1220 1290 1301 1325 me
1324 1280 1381 1325 to
1407 1278 1563 1325 break
1586 1291 1675 1338 my
1695 1279 1812 1338 long
1837 1278 2038 1326 silence.

211 1408 259 1465 I.
316 1408 588 1465 Diuturni
629 1407 841 1478 silenti,
874 1411 1068 1480 patres
1098 1411 1435 1480 conscripti,
1465 1411 1585 1480 quo
1617 1423 1776 1463 eram
1813 1405 1901 1463 his
1945 1405 2227 1480 tempori-

122 1504 238 1563 bus
275 1510 426 1576 iisuS‚
468 1510 587 1562 non
632 1505 845 1562 timore
884 1505 1099 1579 aliquo,
1140 1503 1246 1561 sed
1294 1504 1511 1578 partim
1549 1503 1775 1575 dolore,
1807 1504 2021 1578 partim
2066 1508 2228 1561 vere-

121 1604 354 1674 cundia,
396 1603 589 1660 finem
636 1601 958 1660 hodiernus
1006 1601 1134 1659 dies
1190 1602 1401 1672 attulit,
1449 1600 1731 1675 idemque
1789 1601 2019 1658 initium
2076 1619 2228 1675 quae

125 1701 330 1757 vellem
374 1718 645 1775 quaeque
689 1706 969 1758 sentirem
1002 1704 1137 1757 meo
1167 1700 1415 1775 pristino
1439 1704 1603 1756 more
1634 1693 1893 1757 dicendi.
1973 1700 2227 1757 Tantam

126 1800 281 1855 enim
331 1783 863 1869 mansuetudinem,
916 1808 1036 1855 tam
1082 1797 1417 1855 inusitatam
1470 1797 1917 1871 inauditamque
1967 1798 2226 1855 clemen·
2302 1806 2325 1855 5

130 1896 283 1966 tiam,
313 1907 540 1954 tantum
584 1897 645 1953 in
690 1901 923 1953 summa
963 1901 1256 1971 potestate
1289 1900 1484 1952 rerum
1517 1896 1779 1952 omnium
1813 1894 2075 1967 modum,
2108 1904 2231 1952 tam

131 1993 377 2069 denique
434 1993 869 2053 incredibilem·
906 1993 1255 2068 sapientiam
1313 2012 1385 2050 ac
1443 2011 1633 2068 paene
1693 1992 1970 2064 divinam,
2019 1993 2229 2051 tacitus

134 2100 433 2165 praeterire
468 2093 630 2151 nullo
658 2092 839 2151 modo
869 2110 1125 2166 possum.
1202 2094 1288 2150 M.
1316 2092 1474 2150 enim
1507 2093 1796 2150 Marcello
1826 2092 2008 2162 vobiS,
2034 2096 2231 2167 patres

137 2197 455 2266 conscripti,
487 2198 691 2266 reique
737 2191 1010 2266 publicae
1050 2189 1310 2262 reddito,
1342 2195 1463 2248 no'n
1495 2190 1643 2248 illius
1673 2190 1882 2261 solum,
1916 2189 2020 2247 sed
2054 2190 2229 2247 etiam

140 2307 318 2346 meam
346 2295 555 2347 vocem
587 2299 646 2346 et
676 2289 1087 2346 auctoritatem
1125 2297 1185 2346 et
1212 2289 1380 2346 vobis
1410 2297 1473 2345 et
1502 2294 1587 2345 rei
1620 2288 1893 2362 publicae
1923 2291 2228 2344 conserva·
2277 2310 2330 2341 ιο

140 2396 251 2442 tam
277 2405 343 2444 ac
369 2387 696 2444 restitutam
730 2391 893 2462 puto.

217 2483 492 2542 Dolebam
552 2485 729 2554 enim,
787 2488 984 2564 patres
1034 2488 1372 2559 conscripti,
1422 2494 1482 2541 et
1530 2483 1919 2541 vehementer
1974 2482 2232 2557 angebar

143 2580 310 2638 virum
353 2583 547 2652 talem,
578 2600 715 2638 curn
762 2582 823 2637 in
871 2580 1085 2638 eadem
1139 2587 1314 2639 causa
1354 2582 1417 2638 in
1458 2587 1576 2655 qua
1618 2599 1729 2656 ego
1775 2581 1994 2651 suisset,
2020 2580 2232 2637 nonin

148 2679 333 2736 eadem
377 2698 502 2737 esse
562 2679 832 2750 fortuna-13
903 2697 1017 2736 nec
1061 2678 1204 2736 mihi
1262 2678 1617 2753 persuadere
1663 2689 1952 2753 poteram,
1983 2695 2095 2736 nec
2144 2677 2229 2735 sas

150 2793 259 2832 esse
286 2776 590 2847 ducebam,
621 2782 838 2834 versari
865 2781 963 2834 me
992 2776 1054 2833 in
1082 2782 1285 2834 nostro
1313 2787 1513 2834 vetere
1536 2776 1841 2847 curriculo,
1865 2776 1964 2833 illo
1994 2776 2226 2833 aemulo
2275 2793 2325 2842 ¹5

150 2883 301 2948 atque
328 2875 619 2932 imitatore
651 2874 979 2933 studiorum
1022 2893 1092 2932 ac
1137 2875 1403 2933 laborum
1447 2879 1713 2932 meorum
1758 2874 1925 2948 quasi
1964 2873 2222 2948 quodam

226 3047 259 3081 1.
303 3035 610 3085 Diuturnl:
639 3035 725 3083 i.e.
746 3050 862 3083 ever
877 3035 1018 3083 since
1041 3047 1102 3099 52
1126 3047 1250 3094 B.c.,
1268 3036 1416 3083 when
1432 3035 1624 3092 Cicero,
1641 3034 1911 3095 mourning
1935 3033 2021 3082 the
2041 3033 2141 3081 loss
2160 3032 2218 3080 of

154 3107 216 3156 his
233 3110 397 3159 former
429 3111 668 3174 prestige‚
690 3110 794 3159 had
819 3111 1049 3158 resolved
1079 3127 1231 3159 never
1262 3112 1412 3173 again
1439 3119 1491 3159 to
1516 3111 1674 3174 speak
1705 3111 1757 3159 in
1785 3112 1873 3158 the
1896 3117 2084 3158 senate.
2162 3110 2225 3158 In

156 3200 299 3234 course
321 3187 377 3234 of
403 3188 526 3236 time
553 3186 619 3234 he
647 3188 892 3250 repented
917 3187 975 3235 of
1004 3186 1082 3234 his
1107 3187 1346 3244 decision‚
1374 3188 1473 3235 and
1498 3186 1684 3235 waited
1708 3186 1825 3248 only
1852 3186 1927 3233 for
1952 3201 1980 3233 a
2010 3186 2225 3233 suitable

157 3259 313 3310 chance
335 3272 385 3312 to
411 3264 552 3311 show
588 3263 810 3326 publicly
836 3262 913 3311 his
950 3263 1309 3326 acquiescence
1346 3264 1399 3310 in
1435 3262 1520 3311 the
1557 3279 1668 3311 new
1704 3271 1830 3311 state
1869 3262 1928 3310 of
1958 3262 2140 3309 affairs.
2161 3290 2229 3298 —

159 3336 350 3387 silenti:
404 3347 640 3388 construe
679 3338 799 3387 with
832 3340 1282 3406 finem.—eram
1323 3353 1497 3388 usus:
1559 3356 1634 3388 we
1673 3338 1852 3400 should
1894 3346 2073 3402 expect
2113 3356 2227 3387 sum

162 3428 266 3472 usus,
287 3416 366 3465 but
394 3416 688 3464 sometimes
726 3416 872 3464 Latin
910 3432 1022 3464 uses
1057 3415 1143 3464 the
1182 3416 1464 3479 plupersect
1500 3424 1552 3464 to
1589 3432 1789 3479 express
1826 3431 1890 3463 an
1927 3416 2094 3464 action
2126 3415 2227 3478 just

161 3492 418 3554 completed.
501 3506 544 3541 2.
587 3482 826 3552 timore,
856 3493 1084 3551 dolore,
1115 3492 1510 3541 verecundia:
1550 3491 1647 3538 abl.
1686 3492 1744 3539 of
1775 3508 1941 3540 cause.
2016 3493 2061 3540 6.
2104 3505 2227 3541 mo-

163 3565 294 3616 dum:
352 3570 762 3618 moderationem.
866 3582 958 3617 12.·
1002 3569 1329 3618 Dolebam:
1396 3568 1720 3630 explanatory
1768 3568 1826 3616 of
1878 3569 2056 3626 dolore,
2103 3568 2134 3615 l.
2178 3582 2221 3615 2.

167 3654 220 3704 ¹3·
253 3657 404 3694 cum:
447 3646 755 3694 concessive.
858 3658 930 3706 14.
984 3658 1097 3693 nec
1126 3681 1136 3691 .
1170 3680 1181 3692 .
1214 3682 1224 3692 .
1257 3644 1587 3693 ducebam:
1651 3644 1974 3706 explanatory
2010 3643 2067 3690 of
2095 3660 2227 3690 vere·

164 3722 326 3779 cundia,
349 3722 379 3770 l.
413 3736 457 3769 2.
557 3733 629 3785 15.
672 3722 929 3770 versari:
966 3721 1114 3769 while
1142 3722 1192 3768 in
1217 3720 1433 3782 thought
1460 3721 1749 3782 dependent
1776 3736 1841 3766 on
1868 3718 2007 3773 both,
2028 3719 2231 3764 versari

164 3793 313 3849 follows
334 3799 418 3850 the
445 3797 793 3848 construction
826 3798 1112 3846 demanded
1138 3797 1201 3858 by
1213 3798 1301 3861 fas
1325 3812 1435 3853 esse,
1461 3803 1548 3842 not
1573 3796 1680 3842 that
1707 3794 1833 3842 aster
1847 3792 2173 3855 persuadere.

1130 3891 1226 3940 219
