2719 4161
371 204 815 263 EPISTULAE
873 204 985 261 AD
1046 203 1549 262 TERENTIAM
1611 202 1972 261 UXOREM
2073 210 2112 260 2
2126 211 2162 284 5
2174 210 2211 286 5

105 393 242 445 ti'ito
281 387 433 445 loco.
522 387 597 445 Id
639 392 762 445 non
802 386 990 445 solum
1037 404 1235 444 meum
1270 385 1580 444 consilium
1616 396 1705 444 est
1747 384 1852 444 sed
1898 385 2078 444 etiam
2121 404 2218 445 ve·

107 496 310 544 strum.
395 485 551 543 Mihi
592 485 833 543 veniunt
875 485 936 542 in
980 493 1244 542 mentem
1288 483 1474 542 haec:
1520 484 1751 543 Romae
1787 487 1892 541 vos
1927 501 2055 542 esse
2090 488 2221 541 tfito

109 602 288 658 posse
314 602 422 659 per
450 583 844 655 Dolabellam,
876 600 1126 657 eamque
1156 600 1281 640 rem
1312 599 1487 656 posse
1509 582 1680 640 nobis
1704 581 2051 640 adiiimento
2073 600 2220 654 esse,

111 688 168 739 si
193 699 338 756 quae
365 687 452 739 vis
481 690 585 739 aut
612 687 660 738 si
687 699 840 755 quae
865 686 1102 755 rapinae
1133 680 1260 737 fieri
1287 679 1617 754 coeperint.
1703 679 1821 738 Sed
1849 683 2045 738 rfirsus
2078 679 2223 738 illud

115 784 216 837 me
241 789 456 851 movet,
476 779 640 853 quod
661 777 839 836 video
857 783 1049 835 omnis
1072 777 1261 835 bonos
1291 776 1499 835 abesse
1530 778 1729 834 Roma
1751 787 1811 834 et
1829 782 1932 836 eos
1952 778 2222 837 mulieres
2285 798 2309 847 5

115 882 249 935 suas
290 881 488 934 secum
534 875 769 935 habere.
858 877 1030 934 Haec
1061 883 1262 932 autem
1289 875 1452 950 regio
1475 875 1537 931 in
1566 880 1685 950 qua·
1707 893 1820 951 ego
1843 894 1972 934 sum
1994 881 2221 934 nostro·

116 994 246 1032 rum
263 984 350 1033 est
366 993 504 1032 cum
522 974 880 1049 oppidorum
900 984 1024 1031 tum
1042 973 1221 1031 etiam
1243 973 1638 1048 praediorum,
1654 984 1717 1031 ut
1742 983 1804 1032 et
1825 974 2072 1032 multum
2095 991 2221 1033 esse

120 1078 351 1131 mecum
384 1082 460 1145 et,
502 1091 640 1130 cum
683 1073 959 1145 abieritis,
996 1070 1318 1130 commode
1355 1081 1416 1130 et
1451 1071 1513 1129 in
1548 1078 1760 1130 nostris
1795 1072 2051 1147 praediis
2093 1089 2222 1130 esse

120 1171 367 1246 possitis.
449 1171 602 1229 Mihi
638 1171 814 1246 plane
851 1175 973 1228 non
1007 1170 1145 1228 satis
1176 1175 1412 1228 constat
1443 1169 1640 1228 adhfic
1670 1179 1864 1228 utrum
1894 1169 1968 1228 sit
1997 1169 2222 1228 melius.

120 1270 242 1327 Vos
288 1269 480 1328 videte
530 1269 674 1345 quid
725 1269 874 1328 aliae
927 1269 1143 1327 faciant
1199 1268 1313 1326 isto
1356 1268 1491 1326 loco
1538 1267 1804 1326 feminae
1847 1276 1907 1326 et
1946 1272 2043 1338 ne,
2086 1285 2224 1326 cum
2261 1297 2314 1329 10

124 1367 324 1440 velitiS,
353 1374 508 1426 exire
538 1372 663 1425 non
690 1367 884 1425 liceat.
970 1365 1043 1425 Id
1072 1366 1249 1424 velim
1279 1366 1593 1442 diligenter
1621 1365 1800 1424 etiam
1829 1374 2005 1440 atque
2044 1365 2224 1423 etiam

125 1465 420 1523 vobiscum
449 1476 510 1523 et
536 1484 676 1523 cum
704 1471 911 1523 amicis
940 1463 1343 1523 consideretis
1431 1465 1662 1522 Domus
1692 1474 1757 1521 ut
1785 1463 2226 1538 propfignacula

128 1574 188 1621 et
225 1563 578 1639 praesidium
621 1563 856 1635 habeat,
890 1563 1207 1621 Philotimo
1251 1560 1482 1621 dicetis.
1570 1563 1650 1621 Et
1676 1561 1853 1620 velim
1894 1561 2226 1620 tabellarios

126 1660 429 1719 instituatis
464 1666 675 1733 cert68,
721 1669 786 1719 ut
827 1660 1078 1720 cottidie
1118 1660 1341 1735 aliquas
1379 1665 1416 1717 Ξ
1448 1659 1613 1718 vobis
1653 1659 1876 1717 litteras
1914 1659 2225 1733 accipiam.

131 1759 382 1817 Maxime
426 1768 627 1816 autem
676 1756 816 1818 date
861 1775 1109 1835 operam
1147 1766 1216 1816 ut
1256 1757 1519 1830 vale’a‘tiS‚
1563 1763 1611 1816 si
1652 1761 1762 1814 nos
1803 1755 1975 1813 vultis
2014 1757 2223 1815 valere.
2263 1773 2315 1824 ις

130 1873 243 1914 vnn
272 1856 402 1916 Kal.
433 1855 701 1915 Formiis,

1107 2026 1231 2087 VII

134 2183 344 2234 'rullius
395 2184 714 2236 'terentiae
762 2188 826 2235 et
871 2184 1052 2234 Pater
1092 2182 1339 2248 Tulliae,
1383 2181 1638 2232 Duabus
1680 2181 1919 2231 Animis
1962 2180 2121 2247 Suis,
2167 2184 2233 2231 et

263 2282 470 2332 Cicero
512 2282 702 2331 Matri
743 2281 1040 2347 Optimae,
1083 2279 1501 2330 Suaviseimae
1543 2278 1752 2329 Sororl
1795 2278 1859 2330 8.
1903 2279 1969 2329 P.
2014 2278 2085 2329 D.

209 2423 265 2482 Si
287 2429 389 2482 vos
415 2423 639 2496 valetiS,
670 2428 781 2481 nos
808 2423 1089 2481 valemus.
1172 2423 1450 2480 Vestrum
1481 2421 1597 2480 iam
1628 2420 1938 2478 consilium
1970 2430 2078 2493 est,
2108 2425 2231 2478 non

141 2520 310 2579 solum
332 2540 550 2594 meum,
567 2521 714 2596 quid
736 2521 813 2579 sit
833 2521 1001 2580 vobis
1021 2519 1380 2578 faciendum.
1464 2519 1524 2577 Si
1543 2518 1639 2576 ille
1671 2520 1928 2576 Romam
1959 2517 2231 2576 modeste

142 2624 393 2677 ventfirus
423 2629 530 2690 est,
561 2623 725 2677 recte
765 2618 827 2676 in
869 2618 1205 2693 praesentia
1238 2617 1403 2675 domi
1439 2634 1568 2674 esse
1604 2616 1889 2691 potestis;
1933 2622 2022 2673 sin
2051 2615 2232 2673 homo

143 2720 324 2775 ‘amens
352 2715 749 2792 diripiendam
779 2716 987 2776 urbem
1016 2715 1257 2774 datfirus
1286 2723 1395 2787 est,
1425 2732 1632 2773 vereor
1658 2724 1722 2772 ut
1752 2713 2065 2773 Dolabella
2105 2713 2232 2790 ipse
2265 2738 2324 2772 20

223 2915 261 2952 1.
295 2902 517 2954 solum.
538 2940 551 2954 .
571 2940 585 2954 .
609 2902 960 2953 consillum:
1002 2919 1035 2951 a
1064 2909 1246 2951 matter
1262 2902 1358 2968 fhr
1387 2917 1465 2950 me
1486 2901 1631 2948 alone
1651 2907 1698 2948 to
1720 2900 1892 2963 weigh.
1974 2912 2020 2962 3.
2054 2899 2232 2950 Dola-

145 2978 376 3029 bellam:
430 2979 639 3029 Tullia's
674 2978 810 3028 third
842 2978 1091 3037 husband,
1117 2994 1147 3026 a
1180 2979 1403 3042 partizan
1432 2977 1490 3025 os
1519 2977 1717 3025 Caesar.
1795 2991 1843 3036 4.
1884 2976 2229 3036 coeperint:

147 3056 290 3104 notice
323 3056 431 3105 that
478 3056 640 3105 active
683 3056 837 3104 forms
871 3056 931 3104 of
971 3056 1103 3119 coepi
1137 3070 1221 3102 are
1267 3055 1391 3103 used
1432 3053 1550 3102 with
1570 3053 1716 3118 fieri.
1810 3052 1855 3101 6.
1890 3056 2235 3102 nostrorum

148 3133 510 3192 oppidorum:
561 3133 651 3181 the
691 3138 866 3180 senate
908 3132 1008 3180 had
1057 3139 1146 3194 put
1186 3131 1362 3178 Cicero
1404 3130 1456 3178 in
1498 3128 1767 3177 command
1806 3130 1857 3177 in
1905 3127 2003 3176 this
2042 3129 2235 3191 region.

151 3218 186 3268 7.
223 3210 625 3268 praediorum:
677 3207 853 3256 Cicero
887 3206 991 3256 had
1025 3206 1216 3256 several
1256 3208 1408 3254 villas
1442 3205 1577 3254 here.
1676 3218 1749 3255 10.
1793 3205 1925 3254 isto
1954 3205 2128 3255 loco:
2172 3204 2236 3271 os

153 3299 270 3344 your
291 3287 437 3335 rank.
526 3299 600 3347 13.
623 3284 979 3334 Philotimo:
1008 3299 1106 3331 one
1131 3283 1190 3331 of
1204 3282 1484 3331 Terentia’s
1509 3281 1780 3329 freedmen.
1857 3294 1929 3342 14.
1961 3281 2240 3330 institua-

151 3359 242 3408 tis:
262 3377 360 3424 you
376 3363 551 3409 would
566 3377 795 3425 arrange
803 3361 913 3426 for.
988 3360 1061 3408 16.
1094 3359 1257 3407 Κεὶς
1283 3375 1348 3407 sc.
1378 3358 1900 3407 Rha—Formiis:
1939 3358 2182 3417 Formiae,
2207 3373 2239 3406 a

152 3435 235 3498 city
253 3437 305 3485 of
330 3437 571 3486 southern
607 3437 824 3495 Latium,
849 3451 972 3484 near
995 3434 1159 3483 which
1184 3450 1282 3482 one
1308 3434 1365 3482 of
1393 3435 1613 3482 Cicero’s
1635 3433 1777 3482 villas
1800 3449 1902 3481 was
1923 3433 2139 3483 located.

221 3513 351 3562 Fam.
391 3527 464 3575 14.
508 3527 584 3574 14,
618 3513 818 3561 written
856 3518 908 3560 at
948 3511 1238 3560 Minturnae
1279 3511 1332 3558 in
1369 3511 1584 3568 Latium,
1620 3510 1731 3573 Jan.
1768 3522 1846 3571 23,
1881 3523 1945 3571 49
1970 3521 2066 3558 Bc,
2126 3508 2238 3558 The

155 3590 515 3654 superscription
539 3589 599 3637 of
618 3588 719 3638 this
738 3589 885 3637 letter
901 3588 942 3636 is
959 3594 1091 3636 most
1108 3587 1444 3644 affectionate,
1462 3587 1559 3633 and
1587 3586 1738 3634 forms
1754 3601 1783 3633 a
1801 3592 2003 3648 strange
2019 3592 2239 3634 contrast

157 3668 199 3710 to
217 3663 293 3712 the
315 3665 665 3714 business-like
692 3671 917 3713 curtness
941 3663 998 3711 of
1026 3664 1104 3712 his
1129 3663 1221 3711 last
1246 3669 1417 3710 extant
1440 3662 1584 3710 letter
1607 3666 1661 3709 to
1685 3660 1763 3709 his
1777 3661 1908 3710 wife.
1981 3660 2056 3710 18.
2094 3661 2235 3711 1110:

156 3737 222 3788 i.e.
242 3741 426 3792 Caesar.
441 3740 829 3794 —modestez
870 3741 1073 3807 quietly.
1148 3752 1221 3802 19.
1246 3731 1443 3787 recte:
1470 3737 1640 3802 safegy.
