<?xml version="1.0" encoding="UTF-8"?>
<!DOCTYPE html PUBLIC "-//W3C//DTD XHTML 1.0 Transitional//EN"
    "http://www.w3.org/TR/xhtml1/DTD/xhtml1-transitional.dtd">
<html xmlns="http://www.w3.org/1999/xhtml" xml:lang="en" lang="en">
 <head>
  <title>
</title>
<meta http-equiv="Content-Type" content="text/html;charset=utf-8" />
  <meta name='ocr-system' content='tesseract 3.04.00' />
  <meta name='ocr-capabilities' content='ocr_page ocr_carea ocr_par ocr_line ocrx_word'/>
</head>
<body>
  <div class='ocr_page' id='page_1' title='image "./tenorationswith00mincgoog_0299.png"; bbox 0 0 2719 4161; ppageno 0'>
   <div class='ocr_carea' id='block_1_1' title="bbox 338 261 2190 344">
    <p class='ocr_par' dir='ltr' id='par_1_1' title="bbox 338 261 2190 344">
     <span class='ocr_line' id='line_1_1' title="bbox 338 261 2190 344; baseline -0.002 -21"><span class='ocrx_word' id='word_1_1' title='bbox 338 262 784 324; x_wconf 88' lang='lat' dir='ltr'><strong>EPISTULAE</strong></span> <span class='ocrx_word' id='word_1_2' title='bbox 840 261 955 323; x_wconf 88' lang='lat' dir='ltr'>AD</span> <span class='ocrx_word' id='word_1_3' title='bbox 1015 261 1522 323; x_wconf 89' lang='lat' dir='ltr'><strong>TERENTIAM</strong></span> <span class='ocrx_word' id='word_1_4' title='bbox 1577 262 1937 323; x_wconf 89' lang='lat' dir='ltr'><strong>UXOREM</strong></span> <span class='ocrx_word' id='word_1_5' title='bbox 2052 269 2190 344; x_wconf 81' lang='lat'>257</span> 
     </span>
    </p>
   </div>
   <div class='ocr_carea' id='block_1_2' title="bbox 65 447 2292 1601">
    <p class='ocr_par' dir='ltr' id='par_1_2' title="bbox 65 447 2292 1601">
     <span class='ocr_line' id='line_1_2' title="bbox 65 447 2197 526; baseline -0 -19"><span class='ocrx_word' id='word_1_6' title='bbox 65 451 317 508; x_wconf 70' lang='lat' dir='ltr'>Navem</span> <span class='ocrx_word' id='word_1_7' title='bbox 361 453 542 526; x_wconf 72' lang='grc' dir='ltr'>5ρὲῐό</span> <span class='ocrx_word' id='word_1_8' title='bbox 584 454 692 508; x_wconf 73' lang='grc' dir='ltr'>ηδε</span> <span class='ocrx_word' id='word_1_9' title='bbox 734 449 906 508; x_wconf 68' lang='lat' dir='ltr'>valde</span> <span class='ocrx_word' id='word_1_10' title='bbox 946 449 1166 508; x_wconf 89' lang='lat' dir='ltr'>bonam</span> <span class='ocrx_word' id='word_1_11' title='bbox 1213 448 1472 522; x_wconf 66' lang='lat' dir='ltr'>habere3</span> <span class='ocrx_word' id='word_1_12' title='bbox 1524 449 1585 506; x_wconf 91' lang='lat' dir='ltr'>in</span> <span class='ocrx_word' id='word_1_13' title='bbox 1630 467 1764 507; x_wconf 86' lang='lat' dir='ltr'>eam</span> <span class='ocrx_word' id='word_1_14' title='bbox 1805 447 1976 506; x_wconf 92' lang='lat' dir='ltr'>simul</span> <span class='ocrx_word' id='word_1_15' title='bbox 2018 456 2197 521; x_wconf 87' lang='lat' dir='ltr'>atque</span> 
     </span>
     <span class='ocr_line' id='line_1_3' title="bbox 66 545 2197 623; baseline -0.001 -18"><span class='ocrx_word' id='word_1_16' title='bbox 66 546 431 620; x_wconf 71' lang='lat' dir='ltr'>conscendi,</span> <span class='ocrx_word' id='word_1_17' title='bbox 461 547 611 605; x_wconf 88' lang='lat' dir='ltr'>haec</span> <span class='ocrx_word' id='word_1_18' title='bbox 641 553 862 623; x_wconf 90' lang='lat' dir='ltr'>scripsi.</span> <span class='ocrx_word' id='word_1_19' title='bbox 948 546 1185 606; x_wconf 89' lang='lat' dir='ltr'>Deinde</span> <span class='ocrx_word' id='word_1_20' title='bbox 1217 547 1589 605; x_wconf 73' lang='lat' dir='ltr'>conscribam</span> <span class='ocrx_word' id='word_1_21' title='bbox 1619 546 1698 604; x_wconf 91' lang='lat' dir='ltr'>ad</span> <span class='ocrx_word' id='word_1_22' title='bbox 1727 550 1959 604; x_wconf 72' lang='lat' dir='ltr'>nostros</span> <span class='ocrx_word' id='word_1_23' title='bbox 1989 545 2197 603; x_wconf 89' lang='lat' dir='ltr'>famili·</span> 
     </span>
     <span class='ocr_line' id='line_1_4' title="bbox 67 642 2196 721; baseline -0.001 -18"><span class='ocrx_word' id='word_1_24' title='bbox 67 651 186 704; x_wconf 64' lang='lat' dir='ltr'>aris</span> <span class='ocrx_word' id='word_1_25' title='bbox 231 646 454 703; x_wconf 66' lang='lat' dir='ltr'>multas</span> <span class='ocrx_word' id='word_1_26' title='bbox 493 646 789 721; x_wconf 70' lang='lat' dir='ltr'>epistulas,</span> <span class='ocrx_word' id='word_1_27' title='bbox 824 645 1036 720; x_wconf 90' lang='lat' dir='ltr'>quibus</span> <span class='ocrx_word' id='word_1_28' title='bbox 1080 649 1140 703; x_wconf 68' lang='lat' dir='ltr'>te</span> <span class='ocrx_word' id='word_1_29' title='bbox 1184 653 1246 703; x_wconf 89' lang='lat' dir='ltr'>et</span> <span class='ocrx_word' id='word_1_30' title='bbox 1284 645 1599 703; x_wconf 88' lang='lat' dir='ltr'>Tulliolam</span> <span class='ocrx_word' id='word_1_31' title='bbox 1639 651 1905 702; x_wconf 87' lang='lat' dir='ltr'>nostram</span> <span class='ocrx_word' id='word_1_32' title='bbox 1950 642 2196 719; x_wconf 90' lang='lat' dir='ltr'>diligen·</span> 
     </span>
     <span class='ocr_line' id='line_1_5' title="bbox 69 741 2199 817; baseline -0 -16"><span class='ocrx_word' id='word_1_33' title='bbox 69 743 304 801; x_wconf 66' lang='lat' dir='ltr'>tissime</span> <span class='ocrx_word' id='word_1_34' title='bbox 361 742 823 801; x_wconf 67' lang='lat' dir='ltr'>commendabo.</span> <span class='ocrx_word' id='word_1_35' title='bbox 922 743 1280 801; x_wconf 68' lang='lat' dir='ltr'>Cohortarer</span> <span class='ocrx_word' id='word_1_36' title='bbox 1335 747 1441 800; x_wconf 73' lang='lat' dir='ltr'>vos</span> <span class='ocrx_word' id='word_1_37' title='bbox 1499 746 1619 817; x_wconf 71' lang='lat' dir='ltr'>quo</span> <span class='ocrx_word' id='word_1_38' title='bbox 1673 741 1872 800; x_wconf 73' lang='lat' dir='ltr'>animo</span> <span class='ocrx_word' id='word_1_39' title='bbox 1930 741 2199 800; x_wconf 66' lang='lat' dir='ltr'>fortiores</span> 
     </span>
     <span class='ocr_line' id='line_1_6' title="bbox 72 840 2287 916; baseline -0.001 -17"><span class='ocrx_word' id='word_1_40' title='bbox 72 841 286 899; x_wconf 71' lang='lat' dir='ltr'>essetis</span> <span class='ocrx_word' id='word_1_41' title='bbox 336 840 450 899; x_wconf 90' lang='lat' dir='ltr'>nisi</span> <span class='ocrx_word' id='word_1_42' title='bbox 491 845 595 898; x_wconf 73' lang='lat' dir='ltr'>vos</span> <span class='ocrx_word' id='word_1_43' title='bbox 641 841 908 898; x_wconf 71' lang='lat' dir='ltr'>fortiores</span> <span class='ocrx_word' id='word_1_44' title='bbox 950 845 1303 916; x_wconf 74' lang='lat' dir='ltr'>cognossem</span> <span class='ocrx_word' id='word_1_45' title='bbox 1346 858 1525 915; x_wconf 89' lang='lat' dir='ltr'>quam</span> <span class='ocrx_word' id='word_1_46' title='bbox 1569 857 1929 915; x_wconf 90' lang='lat' dir='ltr'>quemquam</span> <span class='ocrx_word' id='word_1_47' title='bbox 1970 840 2198 912; x_wconf 86' lang='lat' dir='ltr'>virum;</span> <span class='ocrx_word' id='word_1_48' title='bbox 2263 859 2287 907; x_wconf 83' lang='lat'><strong>5</strong></span> 
     </span>
     <span class='ocr_line' id='line_1_7' title="bbox 75 936 2197 1013; baseline -0 -16"><span class='ocrx_word' id='word_1_49' title='bbox 75 949 135 997; x_wconf 91' lang='lat' dir='ltr'>et</span> <span class='ocrx_word' id='word_1_50' title='bbox 168 949 381 997; x_wconf 90' lang='lat' dir='ltr'>tamen</span> <span class='ocrx_word' id='word_1_51' title='bbox 423 939 546 996; x_wconf 72' lang='lat' dir='ltr'>eius</span> <span class='ocrx_word' id='word_1_52' title='bbox 585 936 752 996; x_wconf 91' lang='lat' dir='ltr'>modi</span> <span class='ocrx_word' id='word_1_53' title='bbox 791 942 964 1013; x_wconf 70' lang='lat' dir='ltr'>spero</span> <span class='ocrx_word' id='word_1_54' title='bbox 1003 938 1243 1013; x_wconf 72' lang='lat' dir='ltr'>negotia</span> <span class='ocrx_word' id='word_1_55' title='bbox 1277 955 1406 996; x_wconf 89' lang='lat' dir='ltr'>esse</span> <span class='ocrx_word' id='word_1_56' title='bbox 1437 946 1503 995; x_wconf 91' lang='lat' dir='ltr'>ut</span> <span class='ocrx_word' id='word_1_57' title='bbox 1538 948 1597 996; x_wconf 92' lang='lat' dir='ltr'>et</span> <span class='ocrx_word' id='word_1_58' title='bbox 1626 943 1731 995; x_wconf 81' lang='lat' dir='ltr'>v6s</span> <span class='ocrx_word' id='word_1_59' title='bbox 1765 938 1895 996; x_wconf 90' lang='lat' dir='ltr'>istic</span> <span class='ocrx_word' id='word_1_60' title='bbox 1934 955 2197 996; x_wconf 90' lang='lat' dir='ltr'>commo·</span> 
     </span>
     <span class='ocr_line' id='line_1_8' title="bbox 77 1035 2198 1112; baseline -0.001 -17"><span class='ocrx_word' id='word_1_61' title='bbox 77 1036 325 1095; x_wconf 67' lang='lat' dir='ltr'>dissime</span> <span class='ocrx_word' id='word_1_62' title='bbox 355 1041 590 1112; x_wconf 68' lang='lat' dir='ltr'>sperem</span> <span class='ocrx_word' id='word_1_63' title='bbox 622 1054 750 1094; x_wconf 90' lang='lat' dir='ltr'>esse</span> <span class='ocrx_word' id='word_1_64' title='bbox 783 1046 843 1094; x_wconf 88' lang='lat' dir='ltr'>et</span> <span class='ocrx_word' id='word_1_65' title='bbox 873 1040 968 1093; x_wconf 71' lang='lat' dir='ltr'>me</span> <span class='ocrx_word' id='word_1_66' title='bbox 997 1035 1316 1111; x_wconf 71' lang='lat' dir='ltr'>aliquando</span> <span class='ocrx_word' id='word_1_67' title='bbox 1348 1055 1486 1094; x_wconf 90' lang='lat' dir='ltr'>cum</span> <span class='ocrx_word' id='word_1_68' title='bbox 1518 1036 1803 1094; x_wconf 88' lang='lat' dir='ltr'>similibus</span> <span class='ocrx_word' id='word_1_69' title='bbox 1846 1042 2031 1094; x_wconf 80' lang='lat' dir='ltr'>nostri</span> <span class='ocrx_word' id='word_1_70' title='bbox 2073 1054 2198 1094; x_wconf 90' lang='lat' dir='ltr'>rem</span> 
     </span>
     <span class='ocr_line' id='line_1_9' title="bbox 79 1134 2198 1210; baseline -0.001 -18"><span class='ocrx_word' id='word_1_71' title='bbox 79 1135 385 1210; x_wconf 70' lang='lat' dir='ltr'>publicam</span> <span class='ocrx_word' id='word_1_72' title='bbox 444 1134 815 1193; x_wconf 65' lang='lat' dir='ltr'>defeusfiros</span> <span class='ocrx_word' id='word_1_73' title='bbox 898 1135 992 1192; x_wconf 77' lang='lat' dir='ltr'>Tfi</span> <span class='ocrx_word' id='word_1_74' title='bbox 1042 1140 1298 1209; x_wconf 90' lang='lat' dir='ltr'>primum</span> <span class='ocrx_word' id='word_1_75' title='bbox 1351 1134 1754 1193; x_wconf 66' lang='lat' dir='ltr'>valetudinem</span> <span class='ocrx_word' id='word_1_76' title='bbox 1814 1145 1972 1192; x_wconf 87' lang='lat' dir='ltr'>tuam</span> <span class='ocrx_word' id='word_1_77' title='bbox 2021 1134 2198 1191; x_wconf 90' lang='lat' dir='ltr'>velim</span> 
     </span>
     <span class='ocr_line' id='line_1_10' title="bbox 82 1230 2200 1311; baseline 0 -22"><span class='ocrx_word' id='word_1_78' title='bbox 82 1238 289 1305; x_wconf 76' lang='lat' dir='ltr'>cfire&#39;s3</span> <span class='ocrx_word' id='word_1_79' title='bbox 336 1230 578 1305; x_wconf 92' lang='lat' dir='ltr'>deinde,</span> <span class='ocrx_word' id='word_1_80' title='bbox 610 1232 717 1311; x_wconf 81' lang='lat' dir='ltr'>tibi</span> <span class='ocrx_word' id='word_1_81' title='bbox 746 1238 796 1290; x_wconf 92' lang='lat' dir='ltr'>si</span> <span class='ocrx_word' id='word_1_82' title='bbox 822 1232 1136 1304; x_wconf 65' lang='lat' dir='ltr'>vidEbitur,</span> <span class='ocrx_word' id='word_1_83' title='bbox 1168 1232 1316 1290; x_wconf 88' lang='lat' dir='ltr'>villis</span> <span class='ocrx_word' id='word_1_84' title='bbox 1359 1233 1430 1290; x_wconf 91' lang='lat' dir='ltr'>iis</span> <span class='ocrx_word' id='word_1_85' title='bbox 1472 1237 1640 1290; x_wconf 76' lang='lat' dir='ltr'>fitere</span> <span class='ocrx_word' id='word_1_86' title='bbox 1674 1250 1826 1307; x_wconf 91' lang='lat' dir='ltr'>quae</span> <span class='ocrx_word' id='word_1_87' title='bbox 1862 1231 2200 1306; x_wconf 64' lang='lat' dir='ltr'>longissime</span> 
     </span>
     <span class='ocr_line' id='line_1_11' title="bbox 85 1328 2292 1416; baseline -0.004 -26"><span class='ocrx_word' id='word_1_88' title='bbox 85 1332 334 1390; x_wconf 89' lang='lat' dir='ltr'>aberunt</span> <span class='ocrx_word' id='word_1_89' title='bbox 376 1336 415 1388; x_wconf 74' lang='grc' dir='ltr'>εἶ</span> <span class='ocrx_word' id='word_1_90' title='bbox 451 1330 750 1389; x_wconf 77' lang='lat' dir='ltr'>militibus,</span> <span class='ocrx_word' id='word_1_91' title='bbox 838 1329 1073 1416; x_wconf 40' lang='lat' dir='ltr'>Fundi),</span> <span class='ocrx_word' id='word_1_92' title='bbox 1087 1332 1361 1405; x_wconf 68' lang='lat' dir='ltr'>Arpinati</span> <span class='ocrx_word' id='word_1_93' title='bbox 1394 1330 1549 1389; x_wconf 90' lang='lat' dir='ltr'>bene</span> <span class='ocrx_word' id='word_1_94' title='bbox 1586 1330 1807 1405; x_wconf 90' lang='lat' dir='ltr'>poteris</span> <span class='ocrx_word' id='word_1_95' title='bbox 1835 1334 1922 1388; x_wconf 71' lang='lat' dir='ltr'>titi</span> <span class='ocrx_word' id='word_1_96' title='bbox 1949 1348 2087 1386; x_wconf 90' lang='lat' dir='ltr'>cum</span> <span class='ocrx_word' id='word_1_97' title='bbox 2117 1328 2198 1386; x_wconf 86' lang='lat' dir='ltr'>fa·</span> <span class='ocrx_word' id='word_1_98' title='bbox 2237 1352 2292 1382; x_wconf 81' lang='grc' dir='ltr'>ιο</span> 
     </span>
     <span class='ocr_line' id='line_1_12' title="bbox 87 1427 2198 1487; baseline -0.001 -1"><span class='ocrx_word' id='word_1_99' title='bbox 87 1429 242 1487; x_wconf 65' lang='lat' dir='ltr'>milia</span> <span class='ocrx_word' id='word_1_100' title='bbox 260 1429 493 1487; x_wconf 67' lang='lat' dir='ltr'>urbana</span> <span class='ocrx_word' id='word_1_101' title='bbox 511 1434 559 1486; x_wconf 92' lang='lat' dir='ltr'>si</span> <span class='ocrx_word' id='word_1_102' title='bbox 577 1433 813 1486; x_wconf 72' lang='lat' dir='ltr'>annona</span> <span class='ocrx_word' id='word_1_103' title='bbox 833 1428 1022 1485; x_wconf 66' lang='lat' dir='ltr'>carior</span> <span class='ocrx_word' id='word_1_104' title='bbox 1052 1427 1241 1487; x_wconf 89' lang='lat' dir='ltr'>fuerit.</span> <span class='ocrx_word' id='word_1_105' title='bbox 1314 1428 1530 1486; x_wconf 73' lang='lat' dir='ltr'>Cicero</span> <span class='ocrx_word' id='word_1_106' title='bbox 1550 1428 1897 1487; x_wconf 88' lang='lat' dir='ltr'>bellissimus</span> <span class='ocrx_word' id='word_1_107' title='bbox 1922 1427 2028 1486; x_wconf 92' lang='lat' dir='ltr'>tibi</span> <span class='ocrx_word' id='word_1_108' title='bbox 2050 1427 2198 1485; x_wconf 72' lang='lat' dir='ltr'>sahi-</span> 
     </span>
     <span class='ocr_line' id='line_1_13' title="bbox 87 1511 2201 1601; baseline -0.001 -17"><span class='ocrx_word' id='word_1_109' title='bbox 87 1537 202 1584; x_wconf 89' lang='lat' dir='ltr'>tem</span> <span class='ocrx_word' id='word_1_110' title='bbox 231 1525 556 1601; x_wconf 65' lang='lat' dir='ltr'>plurimam</span> <span class='ocrx_word' id='word_1_111' title='bbox 583 1525 750 1585; x_wconf 89' lang='lat' dir='ltr'>dicit.</span> <span class='ocrx_word' id='word_1_112' title='bbox 835 1526 1035 1583; x_wconf 88' lang='lat' dir='ltr'>Etiam</span> <span class='ocrx_word' id='word_1_113' title='bbox 1064 1536 1242 1601; x_wconf 86' lang='lat' dir='ltr'>atque</span> <span class='ocrx_word' id='word_1_114' title='bbox 1268 1525 1450 1583; x_wconf 90' lang='lat' dir='ltr'>etiam</span> <span class='ocrx_word' id='word_1_115' title='bbox 1466 1526 1611 1584; x_wconf 67' lang='lat' dir='ltr'>vale.</span> <span class='ocrx_word' id='word_1_116' title='bbox 1684 1525 1761 1583; x_wconf 89' lang='lat' dir='ltr'>D.</span> <span class='ocrx_word' id='word_1_117' title='bbox 1783 1541 1864 1583; x_wconf 87' lang='lat' dir='ltr'>vn</span> <span class='ocrx_word' id='word_1_118' title='bbox 1888 1511 2038 1583; x_wconf 66' lang='lat' dir='ltr'>idus</span> <span class='ocrx_word' id='word_1_119' title='bbox 2068 1525 2201 1582; x_wconf 70' lang='lat' dir='ltr'>Isin.</span> 
     </span>
    </p>
   </div>
   <div class='ocr_carea' id='block_1_3' title="bbox 794 1819 1515 2046">
    <p class='ocr_par' dir='ltr' id='par_1_3' title="bbox 794 1819 1515 2046">
     <span class='ocr_line' id='line_1_14' title="bbox 1076 1819 1191 1881; baseline -0.026 -1"><span class='ocrx_word' id='word_1_120' title='bbox 1076 1819 1191 1881; x_wconf 73' lang='lat' dir='ltr'>,IX</span> 
     </span>
     <span class='ocr_line' id='line_1_15' title="bbox 794 1964 1515 2046; baseline -0.003 -30"><span class='ocrx_word' id='word_1_121' title='bbox 794 1966 1026 2016; x_wconf 68' lang='lat' dir='ltr'>Tullius</span> <span class='ocrx_word' id='word_1_122' title='bbox 1061 1965 1205 2046; x_wconf 56' lang='lat' dir='ltr'>Suis</span> <span class='ocrx_word' id='word_1_123' title='bbox 1243 1966 1305 2016; x_wconf 82' lang='lat' dir='ltr'>S.</span> <span class='ocrx_word' id='word_1_124' title='bbox 1340 1964 1515 2015; x_wconf 77' lang='lat' dir='ltr'>Dicit</span> 
     </span>
    </p>
   </div>
   <div class='ocr_carea' id='block_1_4' title="bbox 98 2100 2294 2668">
    <p class='ocr_par' dir='ltr' id='par_1_4' title="bbox 98 2100 2294 2668">
     <span class='ocr_line' id='line_1_16' title="bbox 169 2100 2206 2179; baseline -0.002 -16"><span class='ocrx_word' id='word_1_125' title='bbox 169 2104 301 2163; x_wconf 89' lang='lat' dir='ltr'>Nec</span> <span class='ocrx_word' id='word_1_126' title='bbox 341 2120 529 2179; x_wconf 85' lang='lat' dir='ltr'>saepe</span> <span class='ocrx_word' id='word_1_127' title='bbox 569 2112 659 2162; x_wconf 90' lang='lat' dir='ltr'>est</span> <span class='ocrx_word' id='word_1_128' title='bbox 700 2102 797 2161; x_wconf 92' lang='lat' dir='ltr'>cui</span> <span class='ocrx_word' id='word_1_129' title='bbox 838 2102 1061 2160; x_wconf 69' lang='lat' dir='ltr'>litteras</span> <span class='ocrx_word' id='word_1_130' title='bbox 1104 2101 1313 2160; x_wconf 71' lang='lat' dir='ltr'>demus</span> <span class='ocrx_word' id='word_1_131' title='bbox 1363 2119 1478 2161; x_wconf 89' lang='lat' dir='ltr'>nec</span> <span class='ocrx_word' id='word_1_132' title='bbox 1530 2120 1656 2159; x_wconf 91' lang='lat' dir='ltr'>rem</span> <span class='ocrx_word' id='word_1_133' title='bbox 1698 2101 1983 2161; x_wconf 66' lang='lat' dir='ltr'>habemus</span> <span class='ocrx_word' id='word_1_134' title='bbox 2024 2100 2206 2159; x_wconf 73' lang='lat' dir='ltr'>{illam</span> 
     </span>
     <span class='ocr_line' id='line_1_17' title="bbox 98 2199 2203 2276; baseline -0.002 -16"><span class='ocrx_word' id='word_1_135' title='bbox 98 2219 264 2276; x_wconf 89' lang='lat' dir='ltr'>quam</span> <span class='ocrx_word' id='word_1_136' title='bbox 294 2203 556 2262; x_wconf 89' lang='lat' dir='ltr'>scribere</span> <span class='ocrx_word' id='word_1_137' title='bbox 578 2200 844 2259; x_wconf 81' lang='lat' dir='ltr'>velimuS.</span> <span class='ocrx_word' id='word_1_138' title='bbox 932 2201 1022 2259; x_wconf 89' lang='lat' dir='ltr'>Ex</span> <span class='ocrx_word' id='word_1_139' title='bbox 1066 2206 1178 2258; x_wconf 92' lang='lat' dir='ltr'>tuis</span> <span class='ocrx_word' id='word_1_140' title='bbox 1222 2199 1449 2272; x_wconf 81' lang='lat' dir='ltr'>litteriS‚</span> <span class='ocrx_word' id='word_1_141' title='bbox 1480 2205 1625 2275; x_wconf 75' lang='lat' dir='ltr'>qua&#39;s</span> <span class='ocrx_word' id='word_1_142' title='bbox 1667 2200 1936 2274; x_wconf 67' lang='lat' dir='ltr'>proxime</span> <span class='ocrx_word' id='word_1_143' title='bbox 1977 2203 2203 2273; x_wconf 63' lang='lat' dir='ltr'>aecem,</span> 
     </span>
     <span class='ocr_line' id='line_1_18' title="bbox 101 2295 2294 2375; baseline -0.002 -19"><span class='ocrx_word' id='word_1_144' title='bbox 101 2303 341 2375; x_wconf 72' lang='lat' dir='ltr'>cognovi</span> <span class='ocrx_word' id='word_1_145' title='bbox 368 2298 682 2374; x_wconf 91' lang='lat' dir='ltr'>praedium</span> <span class='ocrx_word' id='word_1_146' title='bbox 705 2297 934 2359; x_wconf 71' lang='lat' dir='ltr'>millum</span> <span class='ocrx_word' id='word_1_147' title='bbox 955 2302 1156 2355; x_wconf 68' lang='lat' dir='ltr'>venire</span> <span class='ocrx_word' id='word_1_148' title='bbox 1186 2297 1449 2371; x_wconf 89' lang='lat' dir='ltr'>potuisse</span> <span class='ocrx_word' id='word_1_149' title='bbox 1472 2318 1490 2370; x_wconf 80' lang='lat'>3</span> <span class='ocrx_word' id='word_1_150' title='bbox 1534 2303 1653 2371; x_wconf 68' lang='lat' dir='ltr'>qua</span> <span class='ocrx_word' id='word_1_151' title='bbox 1675 2301 1736 2355; x_wconf 70' lang='lat' dir='ltr'>re</span> <span class='ocrx_word' id='word_1_152' title='bbox 1759 2295 2007 2354; x_wconf 68' lang='lat' dir='ltr'>videatis</span> <span class='ocrx_word' id='word_1_153' title='bbox 2029 2295 2205 2354; x_wconf 91' lang='lat' dir='ltr'>velim</span> <span class='ocrx_word' id='word_1_154' title='bbox 2243 2316 2294 2364; x_wconf 83' lang='lat'>15</span> 
     </span>
     <span class='ocr_line' id='line_1_19' title="bbox 102 2393 2206 2471; baseline -0.002 -16"><span class='ocrx_word' id='word_1_155' title='bbox 102 2401 214 2471; x_wconf 79' lang='lat' dir='ltr'>qu&#39;o</span> <span class='ocrx_word' id='word_1_156' title='bbox 261 2397 445 2455; x_wconf 72' lang='lat' dir='ltr'>modo</span> <span class='ocrx_word' id='word_1_157' title='bbox 496 2396 751 2455; x_wconf 83' lang='lat' dir='ltr'>satisfiat</span> <span class='ocrx_word' id='word_1_158' title='bbox 806 2402 863 2454; x_wconf 90' lang='lat' dir='ltr'>ei</span> <span class='ocrx_word' id='word_1_159' title='bbox 919 2395 1015 2453; x_wconf 89' lang='lat' dir='ltr'>cui</span> <span class='ocrx_word' id='word_1_160' title='bbox 1067 2395 1227 2453; x_wconf 91' lang='lat' dir='ltr'>scitis</span> <span class='ocrx_word' id='word_1_161' title='bbox 1278 2399 1377 2453; x_wconf 75' lang='lat' dir='ltr'>m‘e‘</span> <span class='ocrx_word' id='word_1_162' title='bbox 1430 2394 1704 2453; x_wconf 88' lang='lat' dir='ltr'>satisfieri</span> <span class='ocrx_word' id='word_1_163' title='bbox 1750 2394 1919 2452; x_wconf 90' lang='lat' dir='ltr'>velle.</span> <span class='ocrx_word' id='word_1_164' title='bbox 2024 2393 2206 2466; x_wconf 90' lang='lat' dir='ltr'>Quod</span> 
     </span>
     <span class='ocr_line' id='line_1_20' title="bbox 105 2491 2206 2570; baseline -0.001 -19"><span class='ocrx_word' id='word_1_165' title='bbox 105 2505 290 2553; x_wconf 86' lang='lat' dir='ltr'>nostra</span> <span class='ocrx_word' id='word_1_166' title='bbox 330 2495 441 2554; x_wconf 89' lang='lat' dir='ltr'>tibi</span> <span class='ocrx_word' id='word_1_167' title='bbox 481 2495 697 2570; x_wconf 77' lang='lat' dir='ltr'>gra‘ti&#39;a‘s</span> <span class='ocrx_word' id='word_1_168' title='bbox 739 2494 877 2569; x_wconf 87' lang='lat' dir='ltr'>agit,</span> <span class='ocrx_word' id='word_1_169' title='bbox 908 2492 971 2551; x_wconf 93' lang='lat' dir='ltr'>id</span> <span class='ocrx_word' id='word_1_170' title='bbox 1005 2511 1118 2567; x_wconf 89' lang='lat' dir='ltr'>ego</span> <span class='ocrx_word' id='word_1_171' title='bbox 1158 2497 1280 2550; x_wconf 71' lang='lat' dir='ltr'>non</span> <span class='ocrx_word' id='word_1_172' title='bbox 1316 2499 1496 2551; x_wconf 87' lang='lat' dir='ltr'>miror</span> <span class='ocrx_word' id='word_1_173' title='bbox 1534 2497 1592 2552; x_wconf 66' lang='lat' dir='ltr'>te</span> <span class='ocrx_word' id='word_1_174' title='bbox 1631 2496 1861 2564; x_wconf 73' lang='lat' dir='ltr'>mereri,</span> <span class='ocrx_word' id='word_1_175' title='bbox 1888 2500 1957 2551; x_wconf 90' lang='lat' dir='ltr'>ut</span> <span class='ocrx_word' id='word_1_176' title='bbox 1992 2510 2061 2550; x_wconf 89' lang='lat' dir='ltr'>ea</span> <span class='ocrx_word' id='word_1_177' title='bbox 2099 2491 2206 2549; x_wconf 88' lang='lat' dir='ltr'>tibi</span> 
     </span>
     <span class='ocr_line' id='line_1_21' title="bbox 108 2580 2208 2668; baseline -0.001 -19"><span class='ocrx_word' id='word_1_178' title='bbox 108 2593 303 2651; x_wconf 70' lang='lat' dir='ltr'>merito</span> <span class='ocrx_word' id='word_1_179' title='bbox 344 2597 448 2651; x_wconf 77' lang='grc' dir='ltr'>ωδ</span> <span class='ocrx_word' id='word_1_180' title='bbox 490 2592 707 2668; x_wconf 64' lang='lat' dir='ltr'>gratias</span> <span class='ocrx_word' id='word_1_181' title='bbox 749 2580 925 2667; x_wconf 84' lang='lat' dir='ltr'>agere</span> <span class='ocrx_word' id='word_1_182' title='bbox 970 2591 1171 2665; x_wconf 89' lang='lat' dir='ltr'>possit.</span> <span class='ocrx_word' id='word_1_183' title='bbox 1261 2591 1563 2662; x_wconf 89' lang='lat' dir='ltr'>Pollicem,</span> <span class='ocrx_word' id='word_1_184' title='bbox 1610 2596 1660 2647; x_wconf 87' lang='lat' dir='ltr'>si</span> <span class='ocrx_word' id='word_1_185' title='bbox 1702 2589 1899 2647; x_wconf 76' lang='lat' dir='ltr'>adhfic</span> <span class='ocrx_word' id='word_1_186' title='bbox 1945 2594 2064 2647; x_wconf 72' lang='lat' dir='ltr'>non</span> <span class='ocrx_word' id='word_1_187' title='bbox 2117 2598 2208 2647; x_wconf 89' lang='lat' dir='ltr'>est</span> 
     </span>
    </p>
   </div>
   <div class='ocr_carea' id='block_1_5' title="bbox 109 2672 2206 2767">
    <p class='ocr_par' dir='ltr' id='par_1_5' title="bbox 109 2672 2206 2767">
     <span class='ocr_line' id='line_1_22' title="bbox 109 2672 2206 2767; baseline -0.001 -20"><span class='ocrx_word' id='word_1_188' title='bbox 109 2691 405 2763; x_wconf 86' lang='lat' dir='ltr'>profectus,</span> <span class='ocrx_word' id='word_1_189' title='bbox 437 2709 618 2766; x_wconf 90' lang='lat' dir='ltr'>quam</span> <span class='ocrx_word' id='word_1_190' title='bbox 647 2695 905 2767; x_wconf 89' lang='lat' dir='ltr'>primum</span> <span class='ocrx_word' id='word_1_191' title='bbox 950 2689 1043 2747; x_wconf 89' lang='lat' dir='ltr'>fac</span> <span class='ocrx_word' id='word_1_192' title='bbox 1088 2687 1392 2748; x_wconf 66' lang='lat' dir='ltr'>extriidziS.</span> <span class='ocrx_word' id='word_1_193' title='bbox 1472 2689 1633 2747; x_wconf 70' lang='lat' dir='ltr'>Ciira</span> <span class='ocrx_word' id='word_1_194' title='bbox 1661 2698 1723 2745; x_wconf 93' lang='lat' dir='ltr'>ut</span> <span class='ocrx_word' id='word_1_195' title='bbox 1750 2688 1964 2745; x_wconf 68' lang='lat' dir='ltr'>valeas.</span> <span class='ocrx_word' id='word_1_196' title='bbox 2050 2672 2206 2746; x_wconf 77' lang='lat' dir='ltr'>idib.</span> 
     </span>
    </p>
   </div>
   <div class='ocr_carea' id='block_1_6' title="bbox 113 2787 2301 2861">
    <p class='ocr_par' dir='ltr' id='par_1_6' title="bbox 113 2787 2301 2861">
     <span class='ocr_line' id='line_1_23' title="bbox 113 2787 2301 2861; baseline -0.003 -16"><span class='ocrx_word' id='word_1_197' title='bbox 113 2787 333 2861; x_wconf 86' lang='lat' dir='ltr'>Quinct.</span> <span class='ocrx_word' id='word_1_198' title='bbox 2243 2808 2301 2839; x_wconf 83' lang='lat'>20</span> 
     </span>
    </p>
   </div>
   <div class='ocr_carea' id='block_1_7' title="bbox 116 2949 2218 3838">
    <p class='ocr_par' dir='ltr' id='par_1_7' title="bbox 116 2949 2212 3396">
     <span class='ocr_line' id='line_1_24' title="bbox 190 2949 2207 3019; baseline -0.002 -18"><span class='ocrx_word' id='word_1_199' title='bbox 190 2966 226 3003; x_wconf 87' lang='lat'>1.</span> <span class='ocrx_word' id='word_1_200' title='bbox 255 2955 461 3004; x_wconf 82' lang='lat' dir='ltr'>valde:</span> <span class='ocrx_word' id='word_1_201' title='bbox 503 2954 811 3019; x_wconf 76' lang='lat' dir='ltr'>thorouglzly.</span> <span class='ocrx_word' id='word_1_202' title='bbox 881 2952 927 3003; x_wconf 91' lang='lat'>8.</span> <span class='ocrx_word' id='word_1_203' title='bbox 963 2953 1351 3005; x_wconf 71' lang='lat' dir='ltr'>defensuros:</span> <span class='ocrx_word' id='word_1_204' title='bbox 1392 2950 1588 3000; x_wconf 88' lang='lat' dir='ltr'>instead</span> <span class='ocrx_word' id='word_1_205' title='bbox 1623 2949 1682 2998; x_wconf 88' lang='lat' dir='ltr'>of</span> <span class='ocrx_word' id='word_1_206' title='bbox 1710 2951 2054 3016; x_wconf 83' lang='lat' dir='ltr'>defensurum,</span> <span class='ocrx_word' id='word_1_207' title='bbox 2078 2950 2207 2998; x_wconf 87' lang='lat' dir='ltr'>inas·</span> 
     </span>
     <span class='ocr_line' id='line_1_25' title="bbox 116 3026 2206 3094; baseline -0.002 -17"><span class='ocrx_word' id='word_1_208' title='bbox 116 3029 248 3078; x_wconf 87' lang='lat' dir='ltr'>much</span> <span class='ocrx_word' id='word_1_209' title='bbox 290 3047 343 3079; x_wconf 86' lang='lat' dir='ltr'>as</span> <span class='ocrx_word' id='word_1_210' title='bbox 387 3031 474 3079; x_wconf 90' lang='lat' dir='ltr'>the</span> <span class='ocrx_word' id='word_1_211' title='bbox 517 3030 679 3094; x_wconf 91' lang='lat' dir='ltr'>plural</span> <span class='ocrx_word' id='word_1_212' title='bbox 724 3030 840 3078; x_wconf 85' lang='lat' dir='ltr'>idea</span> <span class='ocrx_word' id='word_1_213' title='bbox 885 3030 945 3078; x_wconf 90' lang='lat' dir='ltr'>of</span> <span class='ocrx_word' id='word_1_214' title='bbox 993 3046 1070 3077; x_wconf 89' lang='lat' dir='ltr'>me</span> <span class='ocrx_word' id='word_1_215' title='bbox 1115 3046 1228 3077; x_wconf 88' lang='lat' dir='ltr'>cum</span> <span class='ocrx_word' id='word_1_216' title='bbox 1275 3029 1528 3077; x_wconf 79' lang='lat' dir='ltr'>similibus</span> <span class='ocrx_word' id='word_1_217' title='bbox 1575 3028 1738 3075; x_wconf 84' lang='lat' dir='ltr'>nostri</span> <span class='ocrx_word' id='word_1_218' title='bbox 1788 3026 1881 3074; x_wconf 89' lang='lat' dir='ltr'>has</span> <span class='ocrx_word' id='word_1_219' title='bbox 1937 3026 2206 3090; x_wconf 86' lang='lat' dir='ltr'>prevailed.</span> 
     </span>
     <span class='ocr_line' id='line_1_26' title="bbox 122 3101 2209 3169; baseline -0.002 -16"><span class='ocrx_word' id='word_1_220' title='bbox 122 3117 185 3155; x_wconf 88' lang='lat'>10.</span> <span class='ocrx_word' id='word_1_221' title='bbox 213 3107 418 3157; x_wconf 74' lang='lat' dir='ltr'>Funde</span> <span class='ocrx_word' id='word_1_222' title='bbox 453 3106 773 3168; x_wconf 75' lang='lat' dir='ltr'>Arpinati:</span> <span class='ocrx_word' id='word_1_223' title='bbox 816 3105 1083 3169; x_wconf 88' lang='lat' dir='ltr'>Arpinum,</span> <span class='ocrx_word' id='word_1_224' title='bbox 1122 3120 1152 3153; x_wconf 86' lang='lat' dir='ltr'>a</span> <span class='ocrx_word' id='word_1_225' title='bbox 1191 3104 1431 3153; x_wconf 89' lang='lat' dir='ltr'>Volscian</span> <span class='ocrx_word' id='word_1_226' title='bbox 1469 3110 1604 3152; x_wconf 91' lang='lat' dir='ltr'>town</span> <span class='ocrx_word' id='word_1_227' title='bbox 1644 3103 1696 3151; x_wconf 90' lang='lat' dir='ltr'>in</span> <span class='ocrx_word' id='word_1_228' title='bbox 1740 3103 1956 3161; x_wconf 88' lang='lat' dir='ltr'>Latium,</span> <span class='ocrx_word' id='word_1_229' title='bbox 1991 3117 2092 3150; x_wconf 88' lang='lat' dir='ltr'>was</span> <span class='ocrx_word' id='word_1_230' title='bbox 2123 3101 2209 3150; x_wconf 89' lang='lat' dir='ltr'>the</span> 
     </span>
     <span class='ocr_line' id='line_1_27' title="bbox 119 3178 2212 3245; baseline -0.001 -18"><span class='ocrx_word' id='word_1_231' title='bbox 119 3180 367 3245; x_wconf 86' lang='lat' dir='ltr'>birthplace</span> <span class='ocrx_word' id='word_1_232' title='bbox 409 3182 469 3230; x_wconf 88' lang='lat' dir='ltr'>of</span> <span class='ocrx_word' id='word_1_233' title='bbox 508 3183 703 3230; x_wconf 87' lang='lat' dir='ltr'>Cicero.</span> <span class='ocrx_word' id='word_1_234' title='bbox 802 3195 877 3230; x_wconf 89' lang='lat'>11.</span> <span class='ocrx_word' id='word_1_235' title='bbox 925 3181 977 3230; x_wconf 75' lang='lat' dir='ltr'>si</span> <span class='ocrx_word' id='word_1_236' title='bbox 1014 3218 1025 3230; x_wconf 96' lang='lat'>.</span> <span class='ocrx_word' id='word_1_237' title='bbox 1061 3216 1077 3232; x_wconf 91' lang='lat'>.</span> <span class='ocrx_word' id='word_1_238' title='bbox 1113 3217 1126 3230; x_wconf 95' lang='lat'>.</span> <span class='ocrx_word' id='word_1_239' title='bbox 1160 3180 1373 3229; x_wconf 73' lang='lat' dir='ltr'>fuerit:</span> <span class='ocrx_word' id='word_1_240' title='bbox 1422 3179 1500 3228; x_wconf 87' lang='lat' dir='ltr'>i.e.</span> <span class='ocrx_word' id='word_1_241' title='bbox 1542 3179 1757 3227; x_wconf 88' lang='lat' dir='ltr'>because</span> <span class='ocrx_word' id='word_1_242' title='bbox 1794 3179 1853 3227; x_wconf 90' lang='lat' dir='ltr'>of</span> <span class='ocrx_word' id='word_1_243' title='bbox 1890 3178 1975 3226; x_wconf 93' lang='lat' dir='ltr'>the</span> <span class='ocrx_word' id='word_1_244' title='bbox 2010 3194 2212 3226; x_wconf 88' lang='lat' dir='ltr'>war.—</span> 
     </span>
     <span class='ocr_line' id='line_1_28' title="bbox 120 3253 2211 3320; baseline -0.001 -17"><span class='ocrx_word' id='word_1_245' title='bbox 120 3255 458 3307; x_wconf 74' lang='lat' dir='ltr'>bellissimus</span> <span class='ocrx_word' id='word_1_246' title='bbox 479 3276 491 3306; x_wconf 74' lang='lat' dir='ltr'>t</span> <span class='ocrx_word' id='word_1_247' title='bbox 528 3258 637 3306; x_wconf 78' lang='lat' dir='ltr'>who</span> <span class='ocrx_word' id='word_1_248' title='bbox 662 3259 706 3306; x_wconf 85' lang='lat' dir='ltr'>is</span> <span class='ocrx_word' id='word_1_249' title='bbox 728 3274 761 3305; x_wconf 87' lang='lat' dir='ltr'>a</span> <span class='ocrx_word' id='word_1_250' title='bbox 787 3258 910 3305; x_wconf 87' lang='lat' dir='ltr'>dear</span> <span class='ocrx_word' id='word_1_251' title='bbox 933 3258 1032 3320; x_wconf 87' lang='lat' dir='ltr'>boy.</span> <span class='ocrx_word' id='word_1_252' title='bbox 1122 3257 1232 3304; x_wconf 89' lang='lat' dir='ltr'>The</span> <span class='ocrx_word' id='word_1_253' title='bbox 1256 3269 1427 3318; x_wconf 90' lang='lat' dir='ltr'>young</span> <span class='ocrx_word' id='word_1_254' title='bbox 1454 3255 1671 3314; x_wconf 87' lang='lat' dir='ltr'>Marcus,</span> <span class='ocrx_word' id='word_1_255' title='bbox 1694 3253 1818 3303; x_wconf 90' lang='lat' dir='ltr'>then</span> <span class='ocrx_word' id='word_1_256' title='bbox 1842 3254 1995 3302; x_wconf 91' lang='lat' dir='ltr'>about</span> <span class='ocrx_word' id='word_1_257' title='bbox 2019 3254 2211 3302; x_wconf 88' lang='lat' dir='ltr'>sixteen</span> 
     </span>
     <span class='ocr_line' id='line_1_29' title="bbox 121 3330 1636 3396; baseline 0 -18"><span class='ocrx_word' id='word_1_258' title='bbox 121 3345 240 3391; x_wconf 86' lang='lat' dir='ltr'>years</span> <span class='ocrx_word' id='word_1_259' title='bbox 261 3334 357 3393; x_wconf 90' lang='lat' dir='ltr'>old,</span> <span class='ocrx_word' id='word_1_260' title='bbox 380 3334 484 3382; x_wconf 92' lang='lat' dir='ltr'>had</span> <span class='ocrx_word' id='word_1_261' title='bbox 511 3333 877 3396; x_wconf 88' lang='lat' dir='ltr'>accompanied</span> <span class='ocrx_word' id='word_1_262' title='bbox 902 3332 980 3380; x_wconf 88' lang='lat' dir='ltr'>his</span> <span class='ocrx_word' id='word_1_263' title='bbox 1004 3330 1169 3380; x_wconf 85' lang='lat' dir='ltr'>father</span> <span class='ocrx_word' id='word_1_264' title='bbox 1195 3347 1261 3379; x_wconf 91' lang='lat' dir='ltr'>on</span> <span class='ocrx_word' id='word_1_265' title='bbox 1284 3330 1385 3379; x_wconf 90' lang='lat' dir='ltr'>this</span> <span class='ocrx_word' id='word_1_266' title='bbox 1410 3330 1636 3392; x_wconf 89' lang='lat' dir='ltr'>journey.</span> 
     </span>
    </p>

    <p class='ocr_par' dir='ltr' id='par_1_8' title="bbox 124 3406 2218 3838">
     <span class='ocr_line' id='line_1_30' title="bbox 190 3406 2212 3471; baseline 0 -15"><span class='ocrx_word' id='word_1_267' title='bbox 190 3409 320 3459; x_wconf 86' lang='lat' dir='ltr'>Fam.</span> <span class='ocrx_word' id='word_1_268' title='bbox 353 3423 428 3470; x_wconf 90' lang='lat'>14.</span> <span class='ocrx_word' id='word_1_269' title='bbox 455 3409 503 3468; x_wconf 88' lang='lat'>6,</span> <span class='ocrx_word' id='word_1_270' title='bbox 529 3409 727 3457; x_wconf 89' lang='lat' dir='ltr'>written</span> <span class='ocrx_word' id='word_1_271' title='bbox 758 3408 808 3456; x_wconf 91' lang='lat' dir='ltr'>in</span> <span class='ocrx_word' id='word_1_272' title='bbox 840 3409 1105 3471; x_wconf 91' lang='lat' dir='ltr'>Pompey&#39;s</span> <span class='ocrx_word' id='word_1_273' title='bbox 1135 3422 1297 3470; x_wconf 89' lang='lat' dir='ltr'>camp,</span> <span class='ocrx_word' id='word_1_274' title='bbox 1325 3407 1439 3471; x_wconf 90' lang='lat' dir='ltr'>July</span> <span class='ocrx_word' id='word_1_275' title='bbox 1471 3419 1544 3470; x_wconf 87' lang='lat'>15,</span> <span class='ocrx_word' id='word_1_276' title='bbox 1571 3406 1637 3466; x_wconf 93' lang='lat'>48</span> <span class='ocrx_word' id='word_1_277' title='bbox 1666 3418 1762 3456; x_wconf 89' lang='lat' dir='ltr'>B.C.</span> <span class='ocrx_word' id='word_1_278' title='bbox 1850 3419 1923 3469; x_wconf 89' lang='lat'>13.</span> <span class='ocrx_word' id='word_1_279' title='bbox 1960 3406 2095 3455; x_wconf 78' lang='lat' dir='ltr'>Neo</span> <span class='ocrx_word' id='word_1_280' title='bbox 2121 3443 2134 3456; x_wconf 91' lang='lat'>.</span> <span class='ocrx_word' id='word_1_281' title='bbox 2160 3442 2172 3455; x_wconf 90' lang='lat'>.</span> <span class='ocrx_word' id='word_1_282' title='bbox 2198 3443 2212 3457; x_wconf 88' lang='lat'>.</span> 
     </span>
     <span class='ocr_line' id='line_1_31' title="bbox 124 3482 2209 3550; baseline 0 -19"><span class='ocrx_word' id='word_1_283' title='bbox 124 3483 229 3532; x_wconf 75' lang='lat' dir='ltr'>cui:</span> <span class='ocrx_word' id='word_1_284' title='bbox 251 3486 289 3533; x_wconf 92' lang='lat' dir='ltr'><em>I</em></span> <span class='ocrx_word' id='word_1_285' title='bbox 301 3487 358 3534; x_wconf 88' lang='lat' dir='ltr'>do</span> <span class='ocrx_word' id='word_1_286' title='bbox 383 3493 470 3534; x_wconf 85' lang='lat' dir='ltr'>not</span> <span class='ocrx_word' id='word_1_287' title='bbox 492 3486 626 3550; x_wconf 79' lang='lat' dir='ltr'>osten</span> <span class='ocrx_word' id='word_1_288' title='bbox 655 3485 783 3532; x_wconf 79' lang='lat' dir='ltr'>have</span> <span class='ocrx_word' id='word_1_289' title='bbox 810 3500 917 3546; x_wconf 86' lang='lat' dir='ltr'>any</span> <span class='ocrx_word' id='word_1_290' title='bbox 940 3500 1033 3531; x_wconf 87' lang='lat' dir='ltr'>one</span> <span class='ocrx_word' id='word_1_291' title='bbox 1054 3491 1100 3531; x_wconf 90' lang='lat' dir='ltr'>to</span> <span class='ocrx_word' id='word_1_292' title='bbox 1125 3483 1302 3531; x_wconf 76' lang='lat' dir='ltr'>whom.</span> <span class='ocrx_word' id='word_1_293' title='bbox 1377 3495 1451 3546; x_wconf 87' lang='lat'>15.</span> <span class='ocrx_word' id='word_1_294' title='bbox 1487 3483 1719 3531; x_wconf 82' lang='lat' dir='ltr'>venire:</span> <span class='ocrx_word' id='word_1_295' title='bbox 1748 3483 1801 3531; x_wconf 87' lang='lat' dir='ltr'>be</span> <span class='ocrx_word' id='word_1_296' title='bbox 1821 3484 1939 3531; x_wconf 85' lang='lat' dir='ltr'>sold.</span> <span class='ocrx_word' id='word_1_297' title='bbox 2013 3482 2088 3531; x_wconf 90' lang='lat'>16.</span> <span class='ocrx_word' id='word_1_298' title='bbox 2123 3482 2209 3531; x_wconf 77' lang='lat' dir='ltr'>ei:</span> 
     </span>
     <span class='ocr_line' id='line_1_32' title="bbox 125 3548 2212 3621; baseline 0 -15"><span class='ocrx_word' id='word_1_299' title='bbox 125 3559 189 3608; x_wconf 87' lang='lat' dir='ltr'>i.e.</span> <span class='ocrx_word' id='word_1_300' title='bbox 228 3561 503 3619; x_wconf 90' lang='lat' dir='ltr'>Dolabella,</span> <span class='ocrx_word' id='word_1_301' title='bbox 540 3560 607 3609; x_wconf 77' lang='lat' dir='ltr'>&#39;to</span> <span class='ocrx_word' id='word_1_302' title='bbox 653 3560 821 3608; x_wconf 92' lang='lat' dir='ltr'>whom</span> <span class='ocrx_word' id='word_1_303' title='bbox 872 3560 1052 3608; x_wconf 86' lang='lat' dir='ltr'>Cicero</span> <span class='ocrx_word' id='word_1_304' title='bbox 1100 3567 1184 3621; x_wconf 90' lang='lat' dir='ltr'>yet</span> <span class='ocrx_word' id='word_1_305' title='bbox 1231 3558 1374 3606; x_wconf 90' lang='lat' dir='ltr'>owed</span> <span class='ocrx_word' id='word_1_306' title='bbox 1429 3573 1459 3606; x_wconf 85' lang='lat' dir='ltr'>a</span> <span class='ocrx_word' id='word_1_307' title='bbox 1509 3566 1621 3621; x_wconf 89' lang='lat' dir='ltr'>part</span> <span class='ocrx_word' id='word_1_308' title='bbox 1668 3558 1727 3606; x_wconf 90' lang='lat' dir='ltr'>of</span> <span class='ocrx_word' id='word_1_309' title='bbox 1775 3548 1981 3606; x_wconf 67' lang='lat' dir='ltr'>Tullia’s‘</span> <span class='ocrx_word' id='word_1_310' title='bbox 2028 3559 2212 3620; x_wconf 88' lang='lat' dir='ltr'>dowry.</span> 
     </span>
     <span class='ocr_line' id='line_1_33' title="bbox 131 3633 2211 3699; baseline -0 -16"><span class='ocrx_word' id='word_1_311' title='bbox 131 3646 188 3697; x_wconf 89' lang='lat'>17.</span> <span class='ocrx_word' id='word_1_312' title='bbox 217 3641 447 3686; x_wconf 76' lang='lat' dir='ltr'>nostra:</span> <span class='ocrx_word' id='word_1_313' title='bbox 496 3653 598 3689; x_wconf 83' lang='lat' dir='ltr'>our</span> <span class='ocrx_word' id='word_1_314' title='bbox 632 3636 854 3699; x_wconf 78' lang='lat' dir='ltr'>darling,</span> <span class='ocrx_word' id='word_1_315' title='bbox 889 3636 970 3684; x_wconf 92' lang='lat' dir='ltr'>i.e.</span> <span class='ocrx_word' id='word_1_316' title='bbox 1005 3634 1184 3683; x_wconf 92' lang='lat' dir='ltr'>Tullia.</span> <span class='ocrx_word' id='word_1_317' title='bbox 1205 3633 1372 3681; x_wconf 83' lang='lat' dir='ltr'>-id:</span> <span class='ocrx_word' id='word_1_318' title='bbox 1412 3633 1677 3697; x_wconf 91' lang='lat' dir='ltr'>explained</span> <span class='ocrx_word' id='word_1_319' title='bbox 1711 3634 1777 3695; x_wconf 92' lang='lat' dir='ltr'>by</span> <span class='ocrx_word' id='word_1_320' title='bbox 1814 3642 1873 3682; x_wconf 86' lang='lat' dir='ltr'>ut</span> <span class='ocrx_word' id='word_1_321' title='bbox 1904 3670 1916 3682; x_wconf 92' lang='lat'>.</span> <span class='ocrx_word' id='word_1_322' title='bbox 1953 3670 1965 3682; x_wconf 92' lang='lat'>.</span> <span class='ocrx_word' id='word_1_323' title='bbox 2002 3670 2014 3682; x_wconf 95' lang='lat'>.</span> <span class='ocrx_word' id='word_1_324' title='bbox 2042 3636 2211 3696; x_wconf 83' lang='lat' dir='ltr'>possit.</span> 
     </span>
     <span class='ocr_line' id='line_1_34' title="bbox 132 3706 2218 3772; baseline 0 -15"><span class='ocrx_word' id='word_1_325' title='bbox 132 3710 190 3760; x_wconf 83' lang='lat'>18.</span> <span class='ocrx_word' id='word_1_326' title='bbox 218 3706 534 3763; x_wconf 72' lang='lat' dir='ltr'>Pollicem:</span> <span class='ocrx_word' id='word_1_327' title='bbox 576 3711 764 3770; x_wconf 89' lang='lat' dir='ltr'>Pollex,</span> <span class='ocrx_word' id='word_1_328' title='bbox 790 3726 888 3759; x_wconf 89' lang='lat' dir='ltr'>one</span> <span class='ocrx_word' id='word_1_329' title='bbox 924 3711 983 3759; x_wconf 82' lang='lat' dir='ltr'>of</span> <span class='ocrx_word' id='word_1_330' title='bbox 1011 3710 1231 3759; x_wconf 85' lang='lat' dir='ltr'>Cicero&#39;s</span> <span class='ocrx_word' id='word_1_331' title='bbox 1267 3708 1444 3757; x_wconf 87' lang='lat' dir='ltr'>slaves.</span> <span class='ocrx_word' id='word_1_332' title='bbox 1519 3722 1593 3772; x_wconf 90' lang='lat'>19.</span> <span class='ocrx_word' id='word_1_333' title='bbox 1638 3709 1734 3758; x_wconf 73' lang='lat' dir='ltr'>fac</span> <span class='ocrx_word' id='word_1_334' title='bbox 1771 3709 2099 3758; x_wconf 76' lang='lat' dir='ltr'>extrudas:</span> <span class='ocrx_word' id='word_1_335' title='bbox 2133 3719 2218 3772; x_wconf 81' lang='lat' dir='ltr'>get</span> 
     </span>
     <span class='ocr_line' id='line_1_35' title="bbox 128 3786 426 3838; baseline 0.02 -6"><span class='ocrx_word' id='word_1_336' title='bbox 128 3786 211 3834; x_wconf 81' lang='lat' dir='ltr'>him</span> <span class='ocrx_word' id='word_1_337' title='bbox 232 3790 426 3838; x_wconf 85' lang='lat' dir='ltr'>started.</span> 
     </span>
    </p>
   </div>
   <div class='ocr_carea' id='block_1_8' title="bbox 425 3883 452 3919">
    <p class='ocr_par' dir='ltr' id='par_1_9' title="bbox 425 3883 452 3919">
     <span class='ocr_line' id='line_1_36' title="bbox 425 3883 452 3919; baseline 0 0"><span class='ocrx_word' id='word_1_338' title='bbox 425 3883 452 3919; x_wconf 88' lang='lat' dir='ltr'>S</span> 
     </span>
    </p>
   </div>
  </div>
 </body>
</html>
