2719 4161
716 790 1685 869 SIGHT—READING

492 1083 702 1154 PRO
780 1083 1391 1155 MARCELLO
1469 1084 1892 1155 ORATIO

320 1294 550 1342 Caesar’s
580 1294 954 1355 magnanimity
984 1296 1204 1354 compels
1234 1307 1316 1341 me
1340 1296 1396 1342 to
1423 1295 1578 1342 break
1599 1309 1690 1355 my
1711 1297 1826 1355 long
1851 1296 2053 1343 silence.

222 1424 268 1480 Ι.
330 1424 603 1481 Diuturni
643 1422 855 1494 silenti,
888 1427 1082 1497 patres
1112 1427 1450 1497 conscripti,
1480 1427 1600 1497 quo
1632 1441 1790 1481 eram
1827 1423 1917 1480 his
1960 1423 2241 1498 tempori·

148 1520 247 1578 bus
287 1525 441 1593 fisus,
481 1525 602 1577 non
647 1520 859 1578 timore
898 1521 1114 1595 aliquo,
1154 1520 1260 1577 sed
1308 1520 1524 1595 partim
1564 1520 1789 1593 dolore,
1821 1522 2034 1596 partim
2079 1526 2241 1579 vere-

147 1619 369 1689 cundia,
411 1618 604 1676 finem
651 1618 973 1675 hodiernus
1021 1618 1148 1675 dies
1205 1618 1415 1689 attulit,
1463 1617 1745 1693 idemque
1803 1619 2033 1676 initium
2090 1638 2241 1693 quae

149 1716 346 1773 vellem
389 1735 659 1791 quaeque
703 1722 984 1774 sentirem
1016 1720 1151 1773 meo
1182 1716 1428 1790 pristino
1454 1721 1617 1773 more
1649 1710 1906 1774 dicendi.
1987 1718 2240 1774 Tantam

150 1815 296 1871 enim
347 1798 877 1885 mansuetudinem,
929 1825 1050 1872 tam
1095 1814 1431 1871 inusitatam
1485 1815 1931 1889 inauditamque
1981 1814 2238 1872 clemen·
2315 1824 2338 1872 5

151 1910 297 1982 tiam,
329 1923 555 1970 tantum
598 1913 659 1969 in
703 1917 936 1969 summa
977 1917 1270 1987 potestate
1303 1917 1498 1969 rerum
1531 1913 1793 1969 omnium
1826 1912 2089 1984 modum,
2121 1923 2243 1970 tam

152 2008 391 2086 de‘nique
448 2009 882 2068 incredibilem·
920 2010 1270 2086 sapientiam
1327 2029 1398 2067 ac
1455 2028 1647 2086 paene
1706 2010 1983 2082 divinam,
2031 2010 2242 2068 tacitus

154 2115 448 2179 praeterire
481 2109 643 2166 nullo
671 2108 853 2167 modo
882 2127 1139 2183 possum.
1215 2110 1301 2166 M.
1329 2109 1486 2167 enim
1520 2110 1809 2166 Marcello
1839 2108 2020 2180 vobiS,
2046 2114 2245 2184 patres

155 2211 468 2282 conscripti,
501 2213 705 2281 reique
750 2207 1024 2282 publicae
1064 2206 1324 2277 reddito,
1356 2211 1477 2263 n6n
1507 2207 1656 2264 illius
1686 2208 1895 2278 solum,
1928 2207 2034 2265 sed
2066 2207 2243 2265 etiam

158 2321 332 2361 meam
359 2310 568 2362 vocem
600 2316 659 2362 et
689 2305 1101 2362 auctoritatem
1138 2314 1197 2362 et
1224 2305 1393 2362 vobis
1423 2314 1485 2361 et
1515 2310 1600 2362 rei
1634 2304 1905 2379 publicae
1936 2309 2241 2362 conserva·
2290 2329 2343 2360 10

156 2409 259 2458 tam
287 2422 356 2460 ac
384 2403 710 2460 restitutam
743 2407 906 2477 puto.

226 2499 504 2558 Dolebam
564 2500 742 2570 enim,
801 2504 995 2580 patres
1046 2505 1384 2574 conscripti,
1434 2511 1494 2558 et
1543 2499 1931 2558 vehementer
1986 2501 2245 2575 angebar

158 2595 321 2654 virum
363 2599 560 2669 talem,
591 2616 727 2654 cum
775 2597 835 2654 in
884 2596 1097 2655 eadem
1150 2603 1327 2655 causa
1367 2597 1427 2654 in
1471 2604 1588 2671 qua
1630 2616 1741 2673 ego
1787 2598 2006 2669 fuisset,
2033 2604 2153 2655 non
2184 2599 2244 2655 in

163 2695 343 2752 eadem
388 2715 514 2754 esse
573 2695 805 2753 fortuna
827 2715 844 2767 3
915 2714 1029 2752 nec
1072 2695 1216 2752 mihi
1273 2696 1630 2770 persuadere
1674 2705 1965 2770 poteram,
1996 2714 2108 2754 nec
2156 2696 2242 2754 fas

163 2807 266 2848 esse
294 2793 602 2864 ducebam,
633 2799 850 2851 versari
877 2798 974 2851 me
1003 2793 1064 2850 in
1093 2798 1296 2850 nostro
1325 2804 1526 2851 vetere
1549 2794 1853 2864 curriculo,
1879 2794 1977 2850 1116
2006 2794 2239 2852 aemulo
2286 2812 2337 2860 15

164 2897 311 2963 atque
339 2891 631 2949 imitatore
663 2891 989 2948 studiorum
1033 2910 1104 2948 ac
1147 2891 1414 2948 laborum
1460 2896 1726 2949 meorum
1770 2892 1937 2966 quasi
1977 2892 2235 2965 quodam

233 3063 268 3097 1.
313 3051 622 3100 Diuturni:
651 3051 736 3100 i.e.
757 3067 872 3099 ever
888 3050 1027 3099 since
1051 3063 1111 3115 52
1136 3063 1261 3111 B-C.,
1279 3052 1428 3100 when
1444 3051 1635 3109 Cicero,
1653 3053 1924 3113 mourning
1948 3051 2034 3100 the
2054 3051 2153 3099 loss
2172 3051 2230 3099 of

166 3119 226 3171 his
241 3126 410 3176 former
441 3128 680 3191 prestige,
701 3127 804 3175 had
830 3128 1059 3175 resolved
1089 3144 1242 3175 never
1273 3128 1424 3190 again
1450 3134 1503 3175 to
1528 3128 1686 3191 speak
1716 3128 1768 3176 in
1798 3129 1884 3175 the
1909 3135 2096 3175 senate.
2174 3128 2236 3176 In

167 3213 310 3250 course
333 3204 388 3251 of
415 3205 537 3252 time
565 3203 631 3251 he
657 3205 903 3266 repented
927 3204 985 3251 of
1014 3203 1092 3250 his
1117 3203 1356 3261 decision,
1385 3206 1484 3252 and
1510 3204 1695 3252 waited
1720 3198 1837 3265 only
1865 3204 1939 3251 for
1964 3219 1994 3251 a
2022 3204 2237 3252 suitable

169 3273 324 3326 chance
347 3287 397 3327 to
423 3280 564 3328 show
600 3279 821 3342 publiely
846 3279 924 3326 his
960 3280 1320 3343 acquiescence
1357 3281 1408 3327 in
1448 3279 1531 3327 the
1570 3296 1680 3327 new
1716 3288 1842 3328 state
1882 3280 1940 3327 of
1970 3280 2151 3327 affairs.
2173 3307 2240 3316 —

170 3351 362 3404 silenti:
416 3362 651 3404 construe
691 3355 809 3403 with
843 3356 1293 3422 finem.—-eram
1333 3369 1508 3405 usus:
1572 3373 1646 3404 we
1684 3356 1864 3417 should
1906 3364 2085 3420 expect
2124 3373 2238 3404 sum

173 3441 277 3487 usus,
299 3432 379 3480 but
406 3433 698 3480 sometimes
735 3432 883 3479 Latin
920 3449 1032 3480 uses
1067 3432 1153 3480 the
1192 3432 1474 3495 plupersect
1511 3440 1563 3480 to
1601 3449 1801 3496 express
1837 3449 1902 3480 an
1938 3434 2105 3480 action
2137 3432 2239 3494 just

172 3507 431 3569 completed.
512 3522 555 3556 2.
597 3509 837 3567 timore,
866 3509 1094 3567 dolore,
1125 3508 1520 3557 verecundia:
1562 3509 1657 3556 abl.
1697 3509 1754 3556 of
1786 3525 1952 3557 cause.
2027 3509 2071 3557 6.
2113 3522 2237 3557 mo·

173 3577 305 3630 dum:
365 3586 771 3633 moderationem.
876 3598 967 3632 12.-
1012 3585 1340 3633 Dolebam:
1406 3584 1731 3647 explanatory
1780 3585 1837 3632 of
1888 3586 2066 3643 dolore,
2114 3585 2144 3632 l.
2189 3599 2232 3632 2.

178 3665 230 3716 13·
264 3672 416 3709 cum:
459 3662 765 3708 concessive.
868 3673 940 3720 14.
994 3673 1107 3710 nec
1135 3696 1145 3706 .
1179 3696 1190 3707 .
1223 3697 1233 3707 .
1267 3661 1597 3710 ducebam:
1662 3660 1984 3723 explanatory
2021 3661 2078 3708 of
2106 3677 2238 3709 vere·

174 3736 340 3794 cundia,
361 3737 392 3784 l.
426 3751 469 3784 2.
567 3748 638 3800 15.
682 3737 939 3785 versari:
976 3736 1123 3784 while
1151 3738 1200 3782 in
1226 3736 1444 3797 thought
1470 3737 1760 3798 dependent
1786 3753 1851 3782 on
1877 3735 2017 3791 both,
2038 3737 2241 3783 versari

175 3804 326 3863 follows
347 3815 430 3864 the
457 3812 802 3862 construction
837 3812 1122 3860 demanded
1147 3812 1210 3872 by
1222 3813 1311 3875 fas
1335 3827 1445 3869 esse,
1471 3818 1558 3858 not
1583 3812 1691 3858 that
1717 3811 1842 3858 aster
1856 3810 2183 3872 persuadere.

1139 3906 1235 3954 219
