2719 4161
877 201 1034 258 PRO
1099 199 1433 258 MILONE
2064 212 2089 258 1
2104 208 2197 281 79

100 383 246 454 fe'cit,
277 383 409 458 ipse
442 388 691 442 ciinctae
721 370 929 442 ltaliae
962 384 1225 459 cupienti
1261 393 1321 441 et
1357 384 1481 442 eius
1525 382 1707 442 fidem
1742 384 2082 460 imploranti
2126 392 2199 443 si-

96 499 264 555 gnum
296 480 474 538 dedit
501 491 563 538 ut
592 481 670 540 ad
703 486 799 539 m‘e
832 481 1261 538 restituendum
1293 482 1551 539 Romam
1580 494 2036 555 concurrerent3
2073 502 2199 541 om-

98 578 250 635 nium
275 577 537 653 denique
560 578 617 635 in
643 579 804 636 illum
828 578 967 636 odia
990 579 1205 636 civium
1228 578 1519 636 ardebant
1542 577 1840 637 desiderio
1864 587 2000 652 mei,
2020 599 2198 655 quem

95 682 189 749 qui
228 685 356 733 tum
404 676 815 748 interemisset,
846 681 969 733 non
998 676 1076 734 de
1115 675 1468 752 impunitate
1510 677 1635 735 Eius
1671 676 1778 735 sed
1817 678 1894 736 de
1923 679 2199 753 praemiis
2255 661 2262 668 ’

96 773 462 847 cogitaretur.
2272 779 2295 827 5

168 872 403 930 Tamen
431 878 494 931 se
527 872 675 930 Milo
703 871 995 929 continuit
1032 881 1092 929 et
1128 873 1191 930 P.
1223 871 1503 931 Clodium
1547 872 1610 929 in
1655 872 1938 931 iudicium
1983 874 2092 947 bis,
2122 873 2201 932 ad

95 970 206 1026 vim
228 988 552 1045 numquam
575 970 826 1028 vocavit.
913 969 1072 1043 Quid
1091 970 1120 1027 ?
1188 971 1422 1028 Privato
1449 970 1676 1028 Milone
1700 981 1759 1028 et
1779 976 1881 1029 reo
1902 971 1978 1028 ad
2011 989 2200 1046 popu-

98 1066 208 1123 lum
252 1073 572 1126 accusante
619 1070 682 1125 P.
729 1067 960 1139 Clodio,
992 1086 1128 1124 cum
1171 1067 1231 1125 in
1265 1067 1380 1126 Cn.
1422 1068 1773 1142 Pompeium
1818 1073 1927 1143 pro
1971 1069 2197 1126 Milone

100 1165 393 1223 dicentem
423 1167 679 1240 impetus
722 1165 909 1224 factus
940 1174 1047 1238 est,
1077 1182 1231 1240 quae
1270 1175 1396 1223 tum
1432 1170 1554 1223 non
1598 1165 1782 1223 modo
1817 1166 2055 1224 occasio
2093 1166 2199 1225 sed

102 1262 268 1320 etiam
297 1282 475 1321 causa
502 1263 653 1321 illius
683 1263 1063 1338 opprimendi
1091 1263 1219 1320 suit.
1308 1263 1521 1338 Nuper
1558 1268 1698 1321 νὲῑό
1736 1282 1871 1320 cum
1904 1265 1992 1321 M.
2015 1266 2197 1322 Anto·
2244 1292 2296 1322 10

102 1359 219 1417 nius
261 1380 552 1418 summam
596 1379 766 1435 spem
809 1360 1009 1419 saliitis
1051 1360 1222 1419 bonis
1265 1360 1542 1418 omnibus
1585 1361 1892 1433 attulisset,
1935 1362 2197 1437 gravissi·

104 1475 370 1533 mamque
399 1458 748 1516 adulesc5ns
781 1457 1176 1516 nobilissimus
1207 1464 1293 1515 rei'
1320 1458 1594 1532 psiblicae
1624 1466 1857 1534 partem
1888 1460 2200 1530 fortissime

105 1556 443 1631 suscepisset
472 1566 651 1630 atque
682 1555 841 1612 illam
882 1555 1118 1613 beluam
1151 1554 1336 1612 iiidici
1370 1556 1614 1630 laqueos
1644 1556 2040 1615 declinantem
2081 1558 2198 1615 iam

105 1650 388 1711 inretItam
433 1658 680 1723 teneret,
711 1659 815 1727 qui
847 1653 1031 1725 locus,
1061 1653 1224 1727 quod
1262 1662 1498 1728 tempus
1531 1652 1695 1724 illud,
1727 1653 1790 1710 di
1819 1654 2197 1726 immortale‘S,

107 1748 238 1808 fuit!
310 1752 464 1810 Cum
512 1756 577 1809 se
626 1751 720 1808 ille
779 1750 1005 1825 fugiens
1060 1751 1141 1808 in·
1178 1751 1467 1809 scalarum
1523 1751 1798 1809 tenebras
1855 1751 2196 1824 abdidisset,
2244 1772 2292 1820 ¹5

110 1852 370 1923 magnum
408 1849 621 1906 Miloni
654 1849 762 1906 suit
797 1849 1094 1906 conficere
1135 1848 1296 1905 illam
1340 1859 1571 1922 pestem
1613 1850 1774 1907 nulla
1815 1856 1920 1907 sua
1962 1850 2197 1922 invidia,

112 1944 187 2002 M.
228 1952 365 2004 vero
404 1949 628 2004 Antoni·
670 1946 928 2022 maxima
971 1946 1196 2022 gloria?
1279 1945 1485 2018 Quid?
1556 1946 1829 2004 Comitiis
1885 1948 1946 2004 in
1985 1954 2200 2022 campo

112 2044 363 2116 quotiEns
431 2050 697 2120 potestas
754 2044 862 2104 fuit
931 2063 1068 2102 cum
1139 2044 1232 2102 ille
1292 2045 1351 2102 in
1410 2052 1618 2119 saepta
1687 2044 1916 2118 ruisset,
1973 2044 2199 2120 gladios

114 2139 562 2219 destringendBS,
607 2141 835 2218 lapides
876 2141 1180 2200 iaciendos
1222 2143 1561 2214 curavisset,
1606 2143 1745 2201 dein
1802 2143 1996 2201 subito
2040 2145 2198 2202 vultii

116 2238 334 2298 Milonis
388 2241 729 2316 perterritus
785 2241 1014 2316 sugeret
1069 2239 1147 2297 ad
1187 2240 1474 2310 Tiberim,
1518 2245 1622 2298 vos
1678 2249 1740 2297 et
1794 2246 2003 2298 omn'es
2059 2242 2299 2304 bonizo

116 2340 234 2393 vota
274 2338 539 2396 faceretis
582 2348 649 2396 ut
689 2337 904 2396 Miloni
946 2342 1031 2395 siti
1073 2337 1286 2395 virtute
1332 2343 1439 2395 sua
1480 2337 1733 2395 libaret?

206 2527 306 2574 Had
329 2529 448 2575 Milo
470 2529 670 2576 wished
693 2530 749 2575 to
778 2528 871 2574 kin
896 2528 979 2574 his
1004 2528 1301 2587 adversary,
1322 2528 1414 2574 the
1443 2528 1569 2574 time
1597 2539 1710 2575 was
1740 2528 2084 2588 inopportune.

184 2646 332 2706 XVI.
390 2649 587 2721 Quem
632 2648 806 2724 igitur
854 2666 991 2705 cum
1035 2647 1301 2705 omnium
1343 2648 1530 2721 gratia
1570 2647 1776 2719 noluit,
1821 2647 1978 2705 hunc
2020 2649 2203 2707 voluit

122 2760 238 2801 cum
260 2746 580 2820 aliquorum
602 2745 903 2819 querella?
948 2745 1146 2818 Quem
1170 2745 1312 2816 iure,
1333 2763 1514 2818 quem
1538 2745 1691 2816 1006,
1711 2763 1890 2818 quem
1915 2756 2200 2821 tempore,

123 2857 275 2913 quem
315 2844 555 2918 impune
593 2848 713 2901 non
757 2853 846 2900 est
886 2861 1079 2914 ausuS,
1112 2841 1269 2900 hunc
1311 2842 1537 2913 inii-iria,
1580 2843 1783 2916 iniquo
1825 2842 1980 2916 loco,
2010 2845 2202 2902 alieno

125 2945 380 3014 tempore,
416 2942 682 3016 periculo
720 2940 930 3015 capitis
967 2945 1086 2997 non
1125 2939 1416 2998 dubitavit
1451 2940 1773 2998 occidere?
1831 2943 2200 3014 Praesertim,
2243 2963 2295 3009 ²5

124 3034 336 3110 iudices
364 3058 501 3097 cum
544 3039 785 3097 honoris
828 3037 1175 3113 amplissimi
1217 3038 1524 3095 contentio
1568 3048 1627 3095 et
1670 3038 1798 3095 dies
1827 3040 2203 3097 comitiorum

84 3135 373 3208 ‘subesset‚
420 3141 541 3212 quo
582 3135 828 3211 quidem
885 3135 1402 3210 tempore—scio
1445 3135 1604 3192 enim
1648 3153 1826 3208 quam
1877 3137 2086 3194 timida
2130 3139 2203 3195 sit

128 3233 354 3306 ambitio,
385 3244 726 3309 quantaque
757 3244 816 3292 et
854 3252 1034 3308 quam
1063 3233 1313 3291 sollicita
1341 3233 1417 3290 sit
1446 3234 1739 3308 cupiditas
1770 3234 2204 3293 consulati-is—

129 3332 313 3403 omnia,
343 3337 465 3390 non
509 3332 692 3390 modo
735 3350 888 3406 quae
933 3331 1290 3406 reprehendi
1334 3331 1531 3404 palam
1576 3331 1682 3388 sed
1729 3333 1907 3389 etiam
1951 3334 2202 3391 obser-ire

130 3444 255 3499 quae
288 3431 528 3506 cogitari
567 3439 831 3504 possunt,
863 3430 1158 3501 timemuS,
1190 3434 1506 3499 rumorem,
1540 3428 1804 3486 fabulam
1842 3431 2061 3501 falsam,
2103 3433 2200 3489 fic·
2245 3448 2303 3494 30

131 3532 244 3596 tam,
270 3527 452 3585 levem
481 3527 1000 3602 perhorrescimuS,
1022 3532 1126 3584 ora
1155 3528 1421 3584 omnium
1451 3537 1627 3601 atque
1657 3526 1861 3583 oculos
1892 3527 2202 3587 intuemur.

136 3621 266 3680 Nihil
306 3636 388 3683 est
434 3626 597 3682 enim
644 3633 764 3681 tam
812 3624 1007 3695 molle,
1055 3634 1177 3681 tam
1225 3633 1513 3694 tenerum,
1547 3633 1668 3680 tam
1714 3635 1813 3680 aut
1862 3625 2063 3700 fragile
2105 3638 2204 3685 aut

138 3716 347 3780 flexibile
390 3741 572 3797 quam
618 3721 889 3781 voluntas
935 3727 1074 3801 erg}
1117 3726 1228 3786 ηδε
1274 3726 1595 3802 &ususque
1643 3721 1878 3798 civium,
1927 3730 2028 3799 qui
2084 3730 2206 3781 non
