<?xml version="1.0" encoding="UTF-8"?>
<!DOCTYPE html PUBLIC "-//W3C//DTD XHTML 1.0 Transitional//EN"
    "http://www.w3.org/TR/xhtml1/DTD/xhtml1-transitional.dtd">
<html xmlns="http://www.w3.org/1999/xhtml" xml:lang="en" lang="en">
 <head>
  <title>
</title>
<meta http-equiv="Content-Type" content="text/html;charset=utf-8" />
  <meta name='ocr-system' content='tesseract 3.04.00' />
  <meta name='ocr-capabilities' content='ocr_page ocr_carea ocr_par ocr_line ocrx_word'/>
</head>
<body>
  <div class='ocr_page' id='page_1' title='image "./tenorationswith00mincgoog_0106.png"; bbox 0 0 2719 4161; ppageno 0'>
   <div class='ocr_carea' id='block_1_1' title="bbox 380 1684 432 1713">
    <p class='ocr_par' dir='ltr' id='par_1_1' title="bbox 380 1684 432 1713">
     <span class='ocr_line' id='line_1_1' title="bbox 380 1684 432 1713; baseline 0 0"><span class='ocrx_word' id='word_1_1' title='bbox 380 1684 432 1713; x_wconf 92' lang='lat'><strong>10</strong></span> 
     </span>
    </p>
   </div>
   <div class='ocr_carea' id='block_1_2' title="bbox 380 2168 427 2214">
    <p class='ocr_par' dir='ltr' id='par_1_2' title="bbox 380 2168 427 2214">
     <span class='ocr_line' id='line_1_2' title="bbox 380 2168 427 2214; baseline 0 0"><span class='ocrx_word' id='word_1_2' title='bbox 380 2168 427 2214; x_wconf 86' lang='grc' dir='ltr'><strong>Ῑ5</strong></span> 
     </span>
    </p>
   </div>
   <div class='ocr_carea' id='block_1_3' title="bbox 376 2652 432 2682">
    <p class='ocr_par' dir='ltr' id='par_1_3' title="bbox 376 2652 432 2682">
     <span class='ocr_line' id='line_1_3' title="bbox 376 2652 432 2682; baseline 0.018 -1"><span class='ocrx_word' id='word_1_3' title='bbox 376 2652 432 2682; x_wconf 79' lang='lat'><strong>20</strong></span> 
     </span>
    </p>
   </div>
   <div class='ocr_carea' id='block_1_4' title="bbox 377 3346 429 3394">
    <p class='ocr_par' dir='ltr' id='par_1_4' title="bbox 377 3346 429 3394">
     <span class='ocr_line' id='line_1_4' title="bbox 377 3346 429 3394; baseline 0 0"><span class='ocrx_word' id='word_1_4' title='bbox 377 3346 429 3394; x_wconf 85' lang='lat'><strong>25</strong></span> 
     </span>
    </p>
   </div>
   <div class='ocr_carea' id='block_1_5' title="bbox 482 195 2010 280">
    <p class='ocr_par' dir='ltr' id='par_1_5' title="bbox 482 195 2010 280">
     <span class='ocr_line' id='line_1_5' title="bbox 482 195 2010 280; baseline -0.007 -18"><span class='ocrx_word' id='word_1_5' title='bbox 482 197 573 280; x_wconf 87' lang='lat'><strong>84</strong></span> <span class='ocrx_word' id='word_1_6' title='bbox 1051 199 1477 258; x_wconf 86' lang='lat' dir='ltr'><strong>ORATIONS</strong></span> <span class='ocrx_word' id='word_1_7' title='bbox 1539 198 1645 254; x_wconf 89' lang='lat' dir='ltr'><strong>OF</strong></span> <span class='ocrx_word' id='word_1_8' title='bbox 1705 195 2010 253; x_wconf 89' lang='lat' dir='ltr'>CICERO</span> 
     </span>
    </p>
   </div>
   <div class='ocr_carea' id='block_1_6' title="bbox 568 443 2545 523">
    <p class='ocr_par' dir='ltr' id='par_1_6' title="bbox 568 443 2545 523">
     <span class='ocr_line' id='line_1_6' title="bbox 568 443 2545 523; baseline -0.005 -1"><span class='ocrx_word' id='word_1_9' title='bbox 568 450 990 523; x_wconf 86' lang='lat' dir='ltr'><strong>ORATIO</strong></span> <span class='ocrx_word' id='word_1_10' title='bbox 1070 450 1189 520; x_wconf 95' lang='lat' dir='ltr'><strong>IN</strong></span> <span class='ocrx_word' id='word_1_11' title='bbox 1264 445 1903 520; x_wconf 86' lang='lat' dir='ltr'><strong>CATILINAM</strong></span> <span class='ocrx_word' id='word_1_12' title='bbox 1981 443 2545 515; x_wconf 90' lang='lat' dir='ltr'><strong>SECUNDA</strong></span> 
     </span>
    </p>
   </div>
   <div class='ocr_carea' id='block_1_7' title="bbox 474 639 2614 703">
    <p class='ocr_par' dir='ltr' id='par_1_7' title="bbox 474 639 2614 703">
     <span class='ocr_line' id='line_1_7' title="bbox 474 639 2614 703; baseline -0.005 -9"><span class='ocrx_word' id='word_1_13' title='bbox 474 647 690 694; x_wconf 81' lang='lat' dir='ltr'><strong>Catiline</strong></span> <span class='ocrx_word' id='word_1_14' title='bbox 710 648 806 693; x_wconf 79' lang='lat' dir='ltr'><strong>has</strong></span> <span class='ocrx_word' id='word_1_15' title='bbox 828 646 1146 693; x_wconf 80' lang='lat' dir='ltr'><strong>withdrawn.</strong></span> <span class='ocrx_word' id='word_1_16' title='bbox 1206 645 1297 691; x_wconf 76' lang='lat' dir='ltr'><strong>nis</strong></span> <span class='ocrx_word' id='word_1_17' title='bbox 1319 645 1588 703; x_wconf 79' lang='lat' dir='ltr'><strong>departure</strong></span> <span class='ocrx_word' id='word_1_18' title='bbox 1616 640 1817 688; x_wconf 84' lang='lat' dir='ltr'><strong>defeats</strong></span> <span class='ocrx_word' id='word_1_19' title='bbox 1845 641 1950 686; x_wconf 87' lang='lat' dir='ltr'><strong>him</strong></span> <span class='ocrx_word' id='word_1_20' title='bbox 1974 640 2071 686; x_wconf 84' lang='lat' dir='ltr'><strong>and</strong></span> <span class='ocrx_word' id='word_1_21' title='bbox 2093 639 2328 685; x_wconf 78' lang='lat' dir='ltr'><strong>relieves</strong></span> <span class='ocrx_word' id='word_1_22' title='bbox 2354 640 2459 685; x_wconf 82' lang='lat' dir='ltr'><strong>the</strong></span> <span class='ocrx_word' id='word_1_23' title='bbox 2486 639 2614 698; x_wconf 84' lang='lat' dir='ltr'>city.</span> 
     </span>
    </p>
   </div>
   <div class='ocr_carea' id='block_1_8' title="bbox 474 765 2622 944">
    <p class='ocr_par' dir='ltr' id='par_1_8' title="bbox 474 765 2622 944">
     <span class='ocr_line' id='line_1_8' title="bbox 557 765 2622 846; baseline -0.005 -14"><span class='ocrx_word' id='word_1_24' title='bbox 557 776 604 832; x_wconf 95' lang='grc' dir='ltr'><strong>Ι.</strong></span> <span class='ocrx_word' id='word_1_25' title='bbox 660 774 933 830; x_wconf 82' lang='lat' dir='ltr'>Tandem</span> <span class='ocrx_word' id='word_1_26' title='bbox 963 771 1299 846; x_wconf 71' lang='lat' dir='ltr'><strong>aliquando,</strong></span> <span class='ocrx_word' id='word_1_27' title='bbox 1325 771 1603 845; x_wconf 71' lang='lat' dir='ltr'><strong>Quirites,</strong></span> <span class='ocrx_word' id='word_1_28' title='bbox 1629 770 1695 827; x_wconf 93' lang='lat' dir='ltr'><strong>L.</strong></span> <span class='ocrx_word' id='word_1_29' title='bbox 1720 768 2052 838; x_wconf 79' lang='lat' dir='ltr'>Catilinam,</span> <span class='ocrx_word' id='word_1_30' title='bbox 2082 767 2401 824; x_wconf 88' lang='lat' dir='ltr'><strong>furentem</strong></span> <span class='ocrx_word' id='word_1_31' title='bbox 2432 765 2622 823; x_wconf 65' lang='lat' dir='ltr'><strong>audi·</strong></span> 
     </span>
     <span class='ocr_line' id='line_1_9' title="bbox 474 865 2621 944; baseline -0.004 -15"><span class='ocrx_word' id='word_1_32' title='bbox 474 874 582 942; x_wconf 69' lang='lat' dir='ltr'><strong>cia,</strong></span> <span class='ocrx_word' id='word_1_33' title='bbox 614 872 802 929; x_wconf 92' lang='lat' dir='ltr'><strong>scelus</strong></span> <span class='ocrx_word' id='word_1_34' title='bbox 832 871 1226 940; x_wconf 70' lang='lat' dir='ltr'><strong>anhelantem,</strong></span> <span class='ocrx_word' id='word_1_35' title='bbox 1257 881 1485 944; x_wconf 89' lang='lat' dir='ltr'><strong>pestem</strong></span> <span class='ocrx_word' id='word_1_36' title='bbox 1517 868 1740 942; x_wconf 85' lang='lat' dir='ltr'>patriae</span> <span class='ocrx_word' id='word_1_37' title='bbox 1777 865 1998 923; x_wconf 71' lang='lat' dir='ltr'><strong>nefarie</strong></span> <span class='ocrx_word' id='word_1_38' title='bbox 2027 865 2414 934; x_wconf 71' lang='lat' dir='ltr'><strong>molientem,</strong></span> <span class='ocrx_word' id='word_1_39' title='bbox 2445 865 2621 921; x_wconf 71' lang='lat' dir='ltr'><strong>vobis</strong></span> 
     </span>
    </p>
   </div>
   <div class='ocr_carea' id='block_1_9' title="bbox 465 961 2617 1044">
    <p class='ocr_par' dir='ltr' id='par_1_9' title="bbox 465 961 2617 1044">
     <span class='ocr_line' id='line_1_10' title="bbox 465 961 2617 1044; baseline -0.004 -18"><span class='ocrx_word' id='word_1_40' title='bbox 465 981 650 1044; x_wconf 25' lang='lat' dir='ltr'><strong>,atque</strong></span> <span class='ocrx_word' id='word_1_41' title='bbox 681 969 815 1025; x_wconf 90' lang='lat' dir='ltr'><strong>huic</strong></span> <span class='ocrx_word' id='word_1_42' title='bbox 845 970 974 1025; x_wconf 89' lang='lat' dir='ltr'><strong>urbi</strong></span> <span class='ocrx_word' id='word_1_43' title='bbox 1002 968 1157 1025; x_wconf 72' lang='lat' dir='ltr'><strong>ferro</strong></span> <span class='ocrx_word' id='word_1_44' title='bbox 1188 966 1541 1040; x_wconf 70' lang='lat' dir='ltr'><strong>flammaque</strong></span> <span class='ocrx_word' id='word_1_45' title='bbox 1581 965 1972 1034; x_wconf 87' lang='lat' dir='ltr'><strong>minitantem,</strong></span> <span class='ocrx_word' id='word_1_46' title='bbox 2004 981 2078 1019; x_wconf 84' lang='lat' dir='ltr'><strong>ex</strong></span> <span class='ocrx_word' id='word_1_47' title='bbox 2105 962 2252 1019; x_wconf 91' lang='lat' dir='ltr'><strong>urbe</strong></span> <span class='ocrx_word' id='word_1_48' title='bbox 2287 961 2394 1018; x_wconf 88' lang='lat' dir='ltr'><strong>vel</strong></span> <span class='ocrx_word' id='word_1_49' title='bbox 2433 961 2617 1019; x_wconf 60' lang='lat' dir='ltr'><strong>§ic-eci-</strong></span> 
     </span>
    </p>
   </div>
   <div class='ocr_carea' id='block_1_10' title="bbox 472 1060 2616 2899">
    <p class='ocr_par' dir='ltr' id='par_1_10' title="bbox 473 1060 2616 1435">
     <span class='ocr_line' id='line_1_11' title="bbox 476 1060 2614 1140; baseline -0.005 -16"><span class='ocrx_word' id='word_1_50' title='bbox 476 1087 603 1124; x_wconf 87' lang='lat' dir='ltr'><strong>mus</strong></span> <span class='ocrx_word' id='word_1_51' title='bbox 657 1067 750 1124; x_wconf 90' lang='lat' dir='ltr'><strong>vel</strong></span> <span class='ocrx_word' id='word_1_52' title='bbox 805 1067 1102 1124; x_wconf 62' lang='lat' dir='ltr'><strong>{misimus</strong></span> <span class='ocrx_word' id='word_1_53' title='bbox 1157 1065 1250 1122; x_wconf 90' lang='lat' dir='ltr'><strong>vel</strong></span> <span class='ocrx_word' id='word_1_54' title='bbox 1313 1065 1505 1140; x_wconf 90' lang='lat' dir='ltr'><strong>ipsum</strong></span> <span class='ocrx_word' id='word_1_55' title='bbox 1567 1063 1975 1138; x_wconf 67' lang='lat' dir='ltr'><strong>Egredientem</strong></span> <span class='ocrx_word' id='word_1_56' title='bbox 2027 1060 2220 1118; x_wconf 90' lang='lat' dir='ltr'><strong>verbis</strong></span> <span class='ocrx_word' id='word_1_57' title='bbox 2289 1063 2614 1133; x_wconf 64' lang='lat' dir='ltr'><strong>pre-&gt;secuti</strong></span> 
     </span>
     <span class='ocr_line' id='line_1_12' title="bbox 474 1160 2616 1236; baseline -0.003 -14"><span class='ocrx_word' id='word_1_58' title='bbox 474 1185 687 1222; x_wconf 89' lang='lat' dir='ltr'><strong>sumus.</strong></span> <span class='ocrx_word' id='word_1_59' title='bbox 787 1164 962 1234; x_wconf 84' lang='lat' dir='ltr'><strong>Abiit,</strong></span> <span class='ocrx_word' id='word_1_60' title='bbox 1015 1164 1284 1234; x_wconf 85' lang='lat' dir='ltr'><strong>excessit,</strong></span> <span class='ocrx_word' id='word_1_61' title='bbox 1341 1163 1540 1233; x_wconf 62' lang='lat' dir='ltr'><strong>evasit,</strong></span> <span class='ocrx_word' id='word_1_62' title='bbox 1592 1161 1802 1236; x_wconf 68' lang='lat' dir='ltr'><strong>erupit.</strong></span> <span class='ocrx_word' id='word_1_63' title='bbox 1898 1160 2076 1218; x_wconf 68' lang='lat' dir='ltr'><strong>Nulla</strong></span> <span class='ocrx_word' id='word_1_64' title='bbox 2124 1160 2244 1217; x_wconf 89' lang='lat' dir='ltr'><strong>iarn</strong></span> <span class='ocrx_word' id='word_1_65' title='bbox 2300 1160 2616 1235; x_wconf 68' lang='lat' dir='ltr'><strong>pernicies</strong></span> 
     </span>
     <span class='ocr_line' id='line_1_13' title="bbox 473 1257 2613 1335; baseline -0.002 -16"><span class='ocrx_word' id='word_1_66' title='bbox 473 1269 510 1320; x_wconf 74' lang='grc' dir='ltr'><strong>Ξ.</strong></span> <span class='ocrx_word' id='word_1_67' title='bbox 565 1267 828 1320; x_wconf 71' lang='lat' dir='ltr'><strong>monstro</strong></span> <span class='ocrx_word' id='word_1_68' title='bbox 885 1262 983 1319; x_wconf 82' lang='lat' dir='ltr'><strong>ill6</strong></span> <span class='ocrx_word' id='word_1_69' title='bbox 1032 1270 1212 1335; x_wconf 87' lang='lat' dir='ltr'><strong>atque</strong></span> <span class='ocrx_word' id='word_1_70' title='bbox 1262 1260 1534 1335; x_wconf 71' lang='lat' dir='ltr'><strong>prodigio</strong></span> <span class='ocrx_word' id='word_1_71' title='bbox 1583 1259 1893 1317; x_wconf 90' lang='lat' dir='ltr'><strong>moenibus</strong></span> <span class='ocrx_word' id='word_1_72' title='bbox 1941 1258 2082 1333; x_wconf 89' lang='lat' dir='ltr'><strong>ipsis</strong></span> <span class='ocrx_word' id='word_1_73' title='bbox 2137 1257 2296 1315; x_wconf 60' lang='lat' dir='ltr'><strong>intra-1.</strong></span> <span class='ocrx_word' id='word_1_74' title='bbox 2357 1258 2613 1315; x_wconf 87' lang='lat' dir='ltr'><strong>moenia</strong></span> 
     </span>
     <span class='ocr_line' id='line_1_14' title="bbox 475 1361 922 1435; baseline -0.002 -19"><span class='ocrx_word' id='word_1_75' title='bbox 475 1361 922 1435; x_wconf 73' lang='lat' dir='ltr'><strong>comparabitur.</strong></span> 
     </span>
    </p>

    <p class='ocr_par' dir='ltr' id='par_1_11' title="bbox 472 1453 2611 2899">
     <span class='ocr_line' id='line_1_15' title="bbox 555 1453 2608 1532; baseline -0.001 -18"><span class='ocrx_word' id='word_1_76' title='bbox 555 1461 747 1532; x_wconf 85' lang='lat' dir='ltr'><strong>Atque</strong></span> <span class='ocrx_word' id='word_1_77' title='bbox 778 1458 935 1515; x_wconf 90' lang='lat' dir='ltr'><strong>hunc</strong></span> <span class='ocrx_word' id='word_1_78' title='bbox 964 1456 1209 1532; x_wconf 90' lang='lat' dir='ltr'><strong>quidem</strong></span> <span class='ocrx_word' id='word_1_79' title='bbox 1248 1462 1430 1514; x_wconf 73' lang='lat' dir='ltr'><strong>finum</strong></span> <span class='ocrx_word' id='word_1_80' title='bbox 1469 1456 1638 1513; x_wconf 73' lang='lat' dir='ltr'><strong>huius</strong></span> <span class='ocrx_word' id='word_1_81' title='bbox 1680 1455 1819 1515; x_wconf 88' lang='lat' dir='ltr'><strong>belli</strong></span> <span class='ocrx_word' id='word_1_82' title='bbox 1860 1454 2174 1512; x_wconf 79' lang='lat' dir='ltr'><strong>domestici</strong></span> <span class='ocrx_word' id='word_1_83' title='bbox 2207 1453 2441 1511; x_wconf 89' lang='lat' dir='ltr'><strong>ducem</strong></span> <span class='ocrx_word' id='word_1_84' title='bbox 2478 1454 2608 1512; x_wconf 88' lang='lat' dir='ltr'><strong>sine</strong></span> 
     </span>
     <span class='ocr_line' id='line_1_16' title="bbox 475 1554 2611 1613; baseline -0.001 -1"><span class='ocrx_word' id='word_1_85' title='bbox 475 1556 873 1613; x_wconf 66' lang='lat' dir='ltr'><strong>controversia</strong></span> <span class='ocrx_word' id='word_1_86' title='bbox 905 1557 1165 1613; x_wconf 90' lang='lat' dir='ltr'><strong>vicimus.</strong></span> <span class='ocrx_word' id='word_1_87' title='bbox 1255 1556 1396 1612; x_wconf 73' lang='lat' dir='ltr'><strong>Non</strong></span> <span class='ocrx_word' id='word_1_88' title='bbox 1440 1555 1595 1612; x_wconf 86' lang='lat' dir='ltr'><strong>enim</strong></span> <span class='ocrx_word' id='word_1_89' title='bbox 1642 1555 1756 1611; x_wconf 90' lang='lat' dir='ltr'><strong>iam</strong></span> <span class='ocrx_word' id='word_1_90' title='bbox 1801 1555 1954 1611; x_wconf 89' lang='lat' dir='ltr'><strong>inter</strong></span> <span class='ocrx_word' id='word_1_91' title='bbox 1996 1554 2176 1610; x_wconf 87' lang='lat' dir='ltr'><strong>latera</strong></span> <span class='ocrx_word' id='word_1_92' title='bbox 2218 1561 2437 1610; x_wconf 86' lang='lat' dir='ltr'><strong>nostra</strong></span> <span class='ocrx_word' id='word_1_93' title='bbox 2483 1559 2611 1609; x_wconf 88' lang='lat' dir='ltr'><strong>sica</strong></span> 
     </span>
     <span class='ocr_line' id='line_1_17' title="bbox 474 1652 2601 1726; baseline 0 -17"><span class='ocrx_word' id='word_1_94' title='bbox 474 1654 570 1711; x_wconf 88' lang='lat' dir='ltr'><strong>illa</strong></span> <span class='ocrx_word' id='word_1_95' title='bbox 609 1654 933 1711; x_wconf 78' lang='lat' dir='ltr'><strong>vers‘a&#39;bitur</strong></span> <span class='ocrx_word' id='word_1_96' title='bbox 954 1675 970 1725; x_wconf 82' lang='lat'>3</span> <span class='ocrx_word' id='word_1_97' title='bbox 1018 1658 1136 1710; x_wconf 72' lang='lat' dir='ltr'><strong>non</strong></span> <span class='ocrx_word' id='word_1_98' title='bbox 1175 1653 1236 1710; x_wconf 92' lang='lat' dir='ltr'><strong>in</strong></span> <span class='ocrx_word' id='word_1_99' title='bbox 1280 1657 1515 1726; x_wconf 69' lang='lat' dir='ltr'><strong>campo,</strong></span> <span class='ocrx_word' id='word_1_100' title='bbox 1547 1657 1667 1709; x_wconf 69' lang='lat' dir='ltr'><strong>non</strong></span> <span class='ocrx_word' id='word_1_101' title='bbox 1710 1653 1772 1709; x_wconf 91' lang='lat' dir='ltr'><strong>in</strong></span> <span class='ocrx_word' id='word_1_102' title='bbox 1806 1653 1952 1723; x_wconf 71' lang='lat' dir='ltr'><strong>foro,</strong></span> <span class='ocrx_word' id='word_1_103' title='bbox 1988 1657 2107 1709; x_wconf 72' lang='lat' dir='ltr'><strong>non</strong></span> <span class='ocrx_word' id='word_1_104' title='bbox 2147 1652 2211 1709; x_wconf 91' lang='lat' dir='ltr'><strong>in</strong></span> <span class='ocrx_word' id='word_1_105' title='bbox 2239 1652 2431 1723; x_wconf 58' lang='lat' dir='ltr'><strong>ciirii,</strong></span> <span class='ocrx_word' id='word_1_106' title='bbox 2473 1657 2601 1710; x_wconf 70' lang='lat' dir='ltr'><strong>non</strong></span> 
     </span>
     <span class='ocr_line' id='line_1_18' title="bbox 475 1750 2600 1824; baseline -0 -17"><span class='ocrx_word' id='word_1_107' title='bbox 475 1751 730 1824; x_wconf 71' lang='lat' dir='ltr'><strong>denique</strong></span> <span class='ocrx_word' id='word_1_108' title='bbox 773 1751 927 1807; x_wconf 66' lang='lat' dir='ltr'><strong>intra</strong></span> <span class='ocrx_word' id='word_1_109' title='bbox 967 1750 1327 1808; x_wconf 76' lang='lat' dir='ltr'><strong>domesticos</strong></span> <span class='ocrx_word' id='word_1_110' title='bbox 1372 1751 1624 1824; x_wconf 70' lang='lat' dir='ltr'><strong>parietes</strong></span> <span class='ocrx_word' id='word_1_111' title='bbox 1667 1751 2168 1824; x_wconf 70' lang='lat' dir='ltr'><strong>pertimescemus,</strong></span> <span class='ocrx_word' id='word_1_112' title='bbox 2272 1750 2452 1807; x_wconf 66' lang='lat' dir='ltr'><strong>Loco</strong></span> <span class='ocrx_word' id='word_1_113' title='bbox 2502 1750 2600 1807; x_wconf 91' lang='lat' dir='ltr'><strong>ille</strong></span> 
     </span>
     <span class='ocr_line' id='line_1_19' title="bbox 475 1848 2601 1922; baseline 0 -18"><span class='ocrx_word' id='word_1_114' title='bbox 475 1853 669 1906; x_wconf 69' lang='lat' dir='ltr'><strong>motus</strong></span> <span class='ocrx_word' id='word_1_115' title='bbox 711 1859 817 1919; x_wconf 92' lang='lat' dir='ltr'><strong>est,</strong></span> <span class='ocrx_word' id='word_1_116' title='bbox 848 1867 985 1906; x_wconf 90' lang='lat' dir='ltr'><strong>cum</strong></span> <span class='ocrx_word' id='word_1_117' title='bbox 1029 1858 1117 1906; x_wconf 91' lang='lat' dir='ltr'><strong>est</strong></span> <span class='ocrx_word' id='word_1_118' title='bbox 1159 1867 1232 1905; x_wconf 86' lang='lat' dir='ltr'><strong>ex</strong></span> <span class='ocrx_word' id='word_1_119' title='bbox 1273 1849 1421 1906; x_wconf 91' lang='lat' dir='ltr'><strong>urbe</strong></span> <span class='ocrx_word' id='word_1_120' title='bbox 1462 1848 1757 1922; x_wconf 72' lang='lat' dir='ltr'><strong>depulsus.</strong></span> <span class='ocrx_word' id='word_1_121' title='bbox 1844 1848 2045 1905; x_wconf 91' lang='lat' dir='ltr'><strong>Palam</strong></span> <span class='ocrx_word' id='word_1_122' title='bbox 2075 1848 2190 1905; x_wconf 87' lang='lat' dir='ltr'><strong>iarn</strong></span> <span class='ocrx_word' id='word_1_123' title='bbox 2231 1866 2374 1905; x_wconf 86' lang='lat' dir='ltr'><strong>cum</strong></span> <span class='ocrx_word' id='word_1_124' title='bbox 2417 1848 2601 1905; x_wconf 91' lang='lat' dir='ltr'><strong>hoste</strong></span> 
     </span>
     <span class='ocr_line' id='line_1_20' title="bbox 473 1945 2603 2020; baseline 0 -19"><span class='ocrx_word' id='word_1_125' title='bbox 473 1947 632 2003; x_wconf 71' lang='lat' dir='ltr'><strong>millo</strong></span> <span class='ocrx_word' id='word_1_126' title='bbox 662 1946 1025 2020; x_wconf 90' lang='lat' dir='ltr'><strong>impediente</strong></span> <span class='ocrx_word' id='word_1_127' title='bbox 1056 1946 1274 2004; x_wconf 91' lang='lat' dir='ltr'><strong>bellum</strong></span> <span class='ocrx_word' id='word_1_128' title='bbox 1316 1947 1527 2004; x_wconf 71' lang='lat' dir='ltr'><strong>iustum</strong></span> <span class='ocrx_word' id='word_1_129' title='bbox 1567 1950 1854 2020; x_wconf 66' lang='lat' dir='ltr'><strong>gerEmuS.</strong></span> <span class='ocrx_word' id='word_1_130' title='bbox 1939 1946 2074 2004; x_wconf 87' lang='lat' dir='ltr'><strong>Sine</strong></span> <span class='ocrx_word' id='word_1_131' title='bbox 2105 1945 2287 2005; x_wconf 71' lang='lat' dir='ltr'><strong>dubio</strong></span> <span class='ocrx_word' id='word_1_132' title='bbox 2319 1945 2603 2020; x_wconf 50' lang='lat' dir='ltr'><strong>perdidif</strong></span> 
     </span>
     <span class='ocr_line' id='line_1_21' title="bbox 475 2043 2599 2119; baseline 0 -19"><span class='ocrx_word' id='word_1_133' title='bbox 475 2062 603 2101; x_wconf 89' lang='lat' dir='ltr'><strong>mus</strong></span> <span class='ocrx_word' id='word_1_134' title='bbox 653 2043 958 2102; x_wconf 89' lang='lat' dir='ltr'><strong>hominem</strong></span> <span class='ocrx_word' id='word_1_135' title='bbox 1008 2045 1438 2119; x_wconf 67' lang='lat' dir='ltr'><strong>magnificeque</strong></span> <span class='ocrx_word' id='word_1_136' title='bbox 1487 2044 1750 2115; x_wconf 90' lang='lat' dir='ltr'><strong>vicimus,</strong></span> <span class='ocrx_word' id='word_1_137' title='bbox 1802 2063 1938 2102; x_wconf 91' lang='lat' dir='ltr'><strong>cum</strong></span> <span class='ocrx_word' id='word_1_138' title='bbox 1996 2044 2158 2102; x_wconf 91' lang='lat' dir='ltr'><strong>illum</strong></span> <span class='ocrx_word' id='word_1_139' title='bbox 2207 2062 2281 2101; x_wconf 87' lang='lat' dir='ltr'><strong>ex</strong></span> <span class='ocrx_word' id='word_1_140' title='bbox 2332 2044 2599 2102; x_wconf 87' lang='lat' dir='ltr'><strong>occultis</strong></span> 
     </span>
     <span class='ocr_line' id='line_1_22' title="bbox 472 2141 2596 2217; baseline 0 -19"><span class='ocrx_word' id='word_1_141' title='bbox 472 2142 697 2199; x_wconf 89' lang='lat' dir='ltr'><strong>insidiis</strong></span> <span class='ocrx_word' id='word_1_142' title='bbox 738 2142 800 2199; x_wconf 91' lang='lat' dir='ltr'><strong>in</strong></span> <span class='ocrx_word' id='word_1_143' title='bbox 840 2152 1108 2217; x_wconf 88' lang='lat' dir='ltr'><strong>apertum</strong></span> <span class='ocrx_word' id='word_1_144' title='bbox 1154 2143 1525 2200; x_wconf 75' lang='lat' dir='ltr'><strong>latrocinium</strong></span> <span class='ocrx_word' id='word_1_145' title='bbox 1567 2142 1948 2200; x_wconf 68' lang='lat' dir='ltr'><strong>coniecimuS.</strong></span> <span class='ocrx_word' id='word_1_146' title='bbox 2051 2141 2232 2216; x_wconf 85' lang='lat' dir='ltr'><strong>Quod</strong></span> <span class='ocrx_word' id='word_1_147' title='bbox 2273 2147 2418 2200; x_wconf 67' lang='lat' dir='ltr'><strong>vero</strong></span> <span class='ocrx_word' id='word_1_148' title='bbox 2467 2147 2596 2199; x_wconf 74' lang='lat' dir='ltr'><strong>non</strong></span> 
     </span>
     <span class='ocr_line' id='line_1_23' title="bbox 475 2239 2597 2317; baseline 0 -22"><span class='ocrx_word' id='word_1_149' title='bbox 475 2248 785 2296; x_wconf 89' lang='lat' dir='ltr'><strong>cruentum</strong></span> <span class='ocrx_word' id='word_1_150' title='bbox 816 2245 1179 2317; x_wconf 70' lang='lat' dir='ltr'><strong>mucronem,</strong></span> <span class='ocrx_word' id='word_1_151' title='bbox 1202 2249 1266 2297; x_wconf 91' lang='lat' dir='ltr'><strong>ut</strong></span> <span class='ocrx_word' id='word_1_152' title='bbox 1287 2241 1487 2311; x_wconf 90' lang='lat' dir='ltr'><strong>voluit,</strong></span> <span class='ocrx_word' id='word_1_153' title='bbox 1513 2240 1734 2311; x_wconf 86' lang='lat' dir='ltr'><strong>extulit,</strong></span> <span class='ocrx_word' id='word_1_154' title='bbox 1759 2241 1923 2314; x_wconf 89' lang='lat' dir='ltr'><strong>quod</strong></span> <span class='ocrx_word' id='word_1_155' title='bbox 1944 2246 2087 2297; x_wconf 89' lang='lat' dir='ltr'><strong>vivis</strong></span> <span class='ocrx_word' id='word_1_156' title='bbox 2114 2239 2283 2298; x_wconf 70' lang='lat' dir='ltr'><strong>nobis</strong></span> <span class='ocrx_word' id='word_1_157' title='bbox 2312 2243 2597 2314; x_wconf 64' lang='lat' dir='ltr'><strong>Egressus</strong></span> 
     </span>
     <span class='ocr_line' id='line_1_24' title="bbox 475 2336 2601 2437; baseline 0 -44"><span class='ocrx_word' id='word_1_158' title='bbox 475 2348 580 2408; x_wconf 89' lang='lat' dir='ltr'><strong>est,</strong></span> <span class='ocrx_word' id='word_1_159' title='bbox 612 2336 776 2410; x_wconf 90' lang='lat' dir='ltr'><strong>quod</strong></span> <span class='ocrx_word' id='word_1_160' title='bbox 806 2343 859 2393; x_wconf 91' lang='lat' dir='ltr'><strong>ei</strong></span> <span class='ocrx_word' id='word_1_161' title='bbox 888 2338 1100 2395; x_wconf 84' lang='lat' dir='ltr'><strong>sermm</strong></span> <span class='ocrx_word' id='word_1_162' title='bbox 1132 2343 1166 2395; x_wconf 74' lang='grc' dir='ltr'><strong>ἒ</strong></span> <span class='ocrx_word' id='word_1_163' title='bbox 1195 2338 1464 2395; x_wconf 87' lang='lat' dir='ltr'><strong>manibus</strong></span> <span class='ocrx_word' id='word_1_164' title='bbox 1495 2338 1861 2409; x_wconf 79' lang='lat' dir='ltr'><strong>extorsimuS,</strong></span> <span class='ocrx_word' id='word_1_165' title='bbox 1891 2337 2054 2437; x_wconf 52' lang='lat' dir='ltr'><strong>Quod</strong></span> <span class='ocrx_word' id='word_1_166' title='bbox 2084 2338 2398 2395; x_wconf 88' lang='lat' dir='ltr'><strong>incolumis</strong></span> <span class='ocrx_word' id='word_1_167' title='bbox 2427 2344 2601 2409; x_wconf 79' lang='lat' dir='ltr'><strong>civiS,</strong></span> 
     </span>
     <span class='ocr_line' id='line_1_25' title="bbox 474 2434 2594 2509; baseline 0.001 -19"><span class='ocrx_word' id='word_1_168' title='bbox 474 2434 637 2508; x_wconf 92' lang='lat' dir='ltr'><strong>quod</strong></span> <span class='ocrx_word' id='word_1_169' title='bbox 682 2443 937 2492; x_wconf 87' lang='lat' dir='ltr'><strong>stantem</strong></span> <span class='ocrx_word' id='word_1_170' title='bbox 983 2435 1188 2492; x_wconf 89' lang='lat' dir='ltr'><strong>urbem</strong></span> <span class='ocrx_word' id='word_1_171' title='bbox 1239 2435 1492 2508; x_wconf 85' lang='lat' dir='ltr'><strong>reliquit,</strong></span> <span class='ocrx_word' id='word_1_172' title='bbox 1539 2440 1762 2509; x_wconf 75' lang='lat' dir='ltr'><strong>quanto</strong></span> <span class='ocrx_word' id='word_1_173' title='bbox 1812 2435 2054 2493; x_wconf 90' lang='lat' dir='ltr'><strong>tandem</strong></span> <span class='ocrx_word' id='word_1_174' title='bbox 2100 2436 2263 2493; x_wconf 89' lang='lat' dir='ltr'><strong>illum</strong></span> <span class='ocrx_word' id='word_1_175' title='bbox 2312 2440 2594 2492; x_wconf 68' lang='lat' dir='ltr'><strong>maerore</strong></span> 
     </span>
     <span class='ocr_line' id='line_1_26' title="bbox 475 2531 2595 2610; baseline 0.002 -21"><span class='ocrx_word' id='word_1_176' title='bbox 475 2550 600 2589; x_wconf 92' lang='lat' dir='ltr'><strong>esse</strong></span> <span class='ocrx_word' id='word_1_177' title='bbox 651 2531 952 2589; x_wconf 88' lang='lat' dir='ltr'><strong>adflictum</strong></span> <span class='ocrx_word' id='word_1_178' title='bbox 1005 2542 1064 2590; x_wconf 93' lang='lat' dir='ltr'><strong>et</strong></span> <span class='ocrx_word' id='word_1_179' title='bbox 1112 2532 1484 2607; x_wconf 65' lang='lat' dir='ltr'><strong>profligatum</strong></span> <span class='ocrx_word' id='word_1_180' title='bbox 1534 2532 1793 2606; x_wconf 68' lang='lat' dir='ltr'><strong>putatis?</strong></span> <span class='ocrx_word' id='word_1_181' title='bbox 1876 2534 2042 2592; x_wconf 91' lang='lat' dir='ltr'><strong>Iacet</strong></span> <span class='ocrx_word' id='word_1_182' title='bbox 2089 2533 2185 2591; x_wconf 92' lang='lat' dir='ltr'><strong>ille</strong></span> <span class='ocrx_word' id='word_1_183' title='bbox 2236 2553 2399 2592; x_wconf 90' lang='lat' dir='ltr'><strong>nunc</strong></span> <span class='ocrx_word' id='word_1_184' title='bbox 2451 2542 2595 2610; x_wconf 74' lang='lat' dir='ltr'><strong>pro-</strong></span> 
     </span>
     <span class='ocr_line' id='line_1_27' title="bbox 474 2630 2598 2705; baseline 0.002 -19"><span class='ocrx_word' id='word_1_185' title='bbox 474 2635 703 2701; x_wconf 68' lang='lat' dir='ltr'><strong>stratus,</strong></span> <span class='ocrx_word' id='word_1_186' title='bbox 738 2630 1013 2703; x_wconf 65' lang='lat' dir='ltr'><strong>QuiritES,</strong></span> <span class='ocrx_word' id='word_1_187' title='bbox 1045 2639 1105 2687; x_wconf 96' lang='lat' dir='ltr'><strong>et</strong></span> <span class='ocrx_word' id='word_1_188' title='bbox 1133 2635 1197 2688; x_wconf 70' lang='lat' dir='ltr'><strong>se</strong></span> <span class='ocrx_word' id='word_1_189' title='bbox 1232 2631 1566 2704; x_wconf 89' lang='lat' dir='ltr'><strong>perculsum</strong></span> <span class='ocrx_word' id='word_1_190' title='bbox 1607 2639 1785 2704; x_wconf 92' lang='lat' dir='ltr'><strong>atque</strong></span> <span class='ocrx_word' id='word_1_191' title='bbox 1814 2631 2111 2689; x_wconf 90' lang='lat' dir='ltr'><strong>abiectum</strong></span> <span class='ocrx_word' id='word_1_192' title='bbox 2141 2649 2268 2689; x_wconf 92' lang='lat' dir='ltr'><strong>esse</strong></span> <span class='ocrx_word' id='word_1_193' title='bbox 2299 2634 2504 2705; x_wconf 91' lang='lat' dir='ltr'><strong>sentit,</strong></span> <span class='ocrx_word' id='word_1_194' title='bbox 2538 2645 2598 2690; x_wconf 90' lang='lat' dir='ltr'><strong>et</strong></span> 
     </span>
     <span class='ocr_line' id='line_1_28' title="bbox 475 2710 2596 2803; baseline 0.002 -19"><span class='ocrx_word' id='word_1_195' title='bbox 475 2710 773 2801; x_wconf 89' lang='lat' dir='ltr'><strong>retorquet</strong></span> <span class='ocrx_word' id='word_1_196' title='bbox 815 2729 1019 2785; x_wconf 72' lang='lat' dir='ltr'><strong>oculos</strong></span> <span class='ocrx_word' id='word_1_197' title='bbox 1061 2727 1331 2802; x_wconf 72' lang='lat' dir='ltr'><strong>profecto</strong></span> <span class='ocrx_word' id='word_1_198' title='bbox 1375 2746 1553 2802; x_wconf 87' lang='lat' dir='ltr'><strong>saepe</strong></span> <span class='ocrx_word' id='word_1_199' title='bbox 1597 2727 1676 2786; x_wconf 90' lang='lat' dir='ltr'><strong>ad</strong></span> <span class='ocrx_word' id='word_1_200' title='bbox 1718 2728 1869 2785; x_wconf 92' lang='lat' dir='ltr'><strong>hanc</strong></span> <span class='ocrx_word' id='word_1_201' title='bbox 1911 2727 2139 2800; x_wconf 89' lang='lat' dir='ltr'><strong>urbem,</strong></span> <span class='ocrx_word' id='word_1_202' title='bbox 2169 2747 2347 2803; x_wconf 90' lang='lat' dir='ltr'><strong>quam</strong></span> <span class='ocrx_word' id='word_1_203' title='bbox 2395 2734 2432 2787; x_wconf 77' lang='lat' dir='ltr'><strong>&#39;e‘</strong></span> <span class='ocrx_word' id='word_1_204' title='bbox 2475 2738 2596 2788; x_wconf 89' lang='lat' dir='ltr'><strong>suis</strong></span> 
     </span>
     <span class='ocr_line' id='line_1_29' title="bbox 476 2825 2592 2899; baseline 0.001 -19"><span class='ocrx_word' id='word_1_205' title='bbox 476 2825 740 2883; x_wconf 88' lang='lat' dir='ltr'><strong>faucibus</strong></span> <span class='ocrx_word' id='word_1_206' title='bbox 770 2829 1036 2899; x_wconf 78' lang='lat' dir='ltr'><strong>‘ereptam</strong></span> <span class='ocrx_word' id='word_1_207' title='bbox 1068 2842 1195 2893; x_wconf 87' lang='lat' dir='ltr'><strong>esse</strong></span> <span class='ocrx_word' id='word_1_208' title='bbox 1223 2825 1385 2899; x_wconf 79' lang='lat' dir='ltr'><strong>liiget</strong></span> <span class='ocrx_word' id='word_1_209' title='bbox 1407 2846 1423 2897; x_wconf 84' lang='lat'>3</span> <span class='ocrx_word' id='word_1_210' title='bbox 1470 2843 1621 2899; x_wconf 90' lang='lat' dir='ltr'><strong>quae</strong></span> <span class='ocrx_word' id='word_1_211' title='bbox 1659 2825 1900 2899; x_wconf 89' lang='lat' dir='ltr'><strong>quidem</strong></span> <span class='ocrx_word' id='word_1_212' title='bbox 1932 2825 2073 2882; x_wconf 86' lang='lat' dir='ltr'><strong>mihi</strong></span> <span class='ocrx_word' id='word_1_213' title='bbox 2104 2825 2308 2884; x_wconf 67' lang='lat' dir='ltr'><strong>laetari</strong></span> <span class='ocrx_word' id='word_1_214' title='bbox 2333 2825 2592 2899; x_wconf 67' lang='lat' dir='ltr'><strong>videtur,</strong></span> 
     </span>
    </p>
   </div>
   <div class='ocr_carea' id='block_1_11' title="bbox 475 2922 2169 2998">
    <p class='ocr_par' dir='ltr' id='par_1_12' title="bbox 475 2922 2169 2998">
     <span class='ocr_line' id='line_1_30' title="bbox 475 2922 2169 2998; baseline 0.002 -20"><span class='ocrx_word' id='word_1_215' title='bbox 475 2922 636 2996; x_wconf 91' lang='lat' dir='ltr'><strong>quod</strong></span> <span class='ocrx_word' id='word_1_216' title='bbox 666 2931 889 2980; x_wconf 86' lang='lat' dir='ltr'><strong>tantam</strong></span> <span class='ocrx_word' id='word_1_217' title='bbox 922 2931 1151 2996; x_wconf 90' lang='lat' dir='ltr'><strong>pestem</strong></span> <span class='ocrx_word' id='word_1_218' title='bbox 1181 2924 1506 2981; x_wconf 70' lang='lat' dir='ltr'><strong>evomuerit</strong></span> <span class='ocrx_word' id='word_1_219' title='bbox 1537 2922 1810 2996; x_wconf 66' lang='lat' dir='ltr'><strong>forasque</strong></span> <span class='ocrx_word' id='word_1_220' title='bbox 1840 2923 2169 2998; x_wconf 67' lang='lat' dir='ltr'><strong>proiecerit.</strong></span> 
     </span>
    </p>
   </div>
   <div class='ocr_carea' id='block_1_12' title="bbox 764 3097 2331 3171">
    <p class='ocr_par' dir='ltr' id='par_1_13' title="bbox 764 3097 2331 3171">
     <span class='ocr_line' id='line_1_31' title="bbox 764 3097 2331 3171; baseline 0.002 -29"><span class='ocrx_word' id='word_1_221' title='bbox 764 3097 836 3143; x_wconf 82' lang='lat' dir='ltr'><strong>He</strong></span> <span class='ocrx_word' id='word_1_222' title='bbox 864 3098 1078 3144; x_wconf 83' lang='lat' dir='ltr'><strong>merited</strong></span> <span class='ocrx_word' id='word_1_223' title='bbox 1105 3099 1275 3154; x_wconf 82' lang='lat' dir='ltr'><strong>death,</strong></span> <span class='ocrx_word' id='word_1_224' title='bbox 1302 3098 1394 3144; x_wconf 85' lang='lat' dir='ltr'><strong>but</strong></span> <span class='ocrx_word' id='word_1_225' title='bbox 1422 3098 1588 3157; x_wconf 79' lang='lat' dir='ltr'><strong>public</strong></span> <span class='ocrx_word' id='word_1_226' title='bbox 1617 3098 1785 3158; x_wconf 79' lang='lat' dir='ltr'><strong>policy</strong></span> <span class='ocrx_word' id='word_1_227' title='bbox 1814 3099 2085 3144; x_wconf 82' lang='lat' dir='ltr'><strong>demanded</strong></span> <span class='ocrx_word' id='word_1_228' title='bbox 2115 3100 2283 3160; x_wconf 85' lang='lat' dir='ltr'><strong>delay.</strong></span> <span class='ocrx_word' id='word_1_229' title='bbox 2323 3166 2331 3171; x_wconf 37' lang='lat'>-</span> 
     </span>
    </p>
   </div>
   <div class='ocr_carea' id='block_1_13' title="bbox 473 3225 2587 3790">
    <p class='ocr_par' dir='ltr' id='par_1_14' title="bbox 473 3225 2587 3790">
     <span class='ocr_line' id='line_1_32' title="bbox 558 3225 2587 3304; baseline 0.003 -24"><span class='ocrx_word' id='word_1_230' title='bbox 558 3225 639 3281; x_wconf 89' lang='grc' dir='ltr'><strong>ΙΙ.</strong></span> <span class='ocrx_word' id='word_1_231' title='bbox 699 3227 785 3281; x_wconf 87' lang='lat' dir='ltr'><strong>Ac</strong></span> <span class='ocrx_word' id='word_1_232' title='bbox 843 3231 889 3282; x_wconf 92' lang='lat' dir='ltr'><strong>si</strong></span> <span class='ocrx_word' id='word_1_233' title='bbox 952 3225 1081 3299; x_wconf 90' lang='lat' dir='ltr'><strong>quis</strong></span> <span class='ocrx_word' id='word_1_234' title='bbox 1133 3235 1222 3283; x_wconf 92' lang='lat' dir='ltr'><strong>est</strong></span> <span class='ocrx_word' id='word_1_235' title='bbox 1272 3226 1418 3296; x_wconf 64' lang='lat' dir='ltr'><strong>talis,</strong></span> <span class='ocrx_word' id='word_1_236' title='bbox 1472 3225 1658 3300; x_wconf 65' lang='lat' dir='ltr'><strong>qualis</strong></span> <span class='ocrx_word' id='word_1_237' title='bbox 1702 3244 1831 3283; x_wconf 91' lang='lat' dir='ltr'><strong>esse</strong></span> <span class='ocrx_word' id='word_1_238' title='bbox 1875 3232 2065 3283; x_wconf 89' lang='lat' dir='ltr'><strong>omnis</strong></span> <span class='ocrx_word' id='word_1_239' title='bbox 2107 3229 2443 3301; x_wconf 67' lang='lat' dir='ltr'><strong>oportEbat,</strong></span> <span class='ocrx_word' id='word_1_240' title='bbox 2486 3235 2587 3304; x_wconf 88' lang='lat' dir='ltr'><strong>qui</strong></span> 
     </span>
     <span class='ocr_line' id='line_1_33' title="bbox 475 3320 2583 3397; baseline 0.003 -21"><span class='ocrx_word' id='word_1_241' title='bbox 475 3320 538 3377; x_wconf 86' lang='lat' dir='ltr'><strong>in</strong></span> <span class='ocrx_word' id='word_1_242' title='bbox 592 3321 704 3377; x_wconf 70' lang='lat' dir='ltr'><strong>hoc</strong></span> <span class='ocrx_word' id='word_1_243' title='bbox 762 3322 890 3395; x_wconf 72' lang='lat' dir='ltr'><strong>ipso</strong></span> <span class='ocrx_word' id='word_1_244' title='bbox 949 3322 1010 3378; x_wconf 90' lang='lat' dir='ltr'><strong>in</strong></span> <span class='ocrx_word' id='word_1_245' title='bbox 1064 3328 1183 3396; x_wconf 76' lang='lat' dir='ltr'><strong>quo</strong></span> <span class='ocrx_word' id='word_1_246' title='bbox 1246 3324 1496 3381; x_wconf 88' lang='lat' dir='ltr'><strong>exsultat</strong></span> <span class='ocrx_word' id='word_1_247' title='bbox 1560 3333 1619 3381; x_wconf 93' lang='lat' dir='ltr'><strong>et</strong></span> <span class='ocrx_word' id='word_1_248' title='bbox 1679 3323 2002 3397; x_wconf 87' lang='lat' dir='ltr'><strong>triumphat</strong></span> <span class='ocrx_word' id='word_1_249' title='bbox 2057 3325 2246 3382; x_wconf 68' lang='lat' dir='ltr'><strong>oratio</strong></span> <span class='ocrx_word' id='word_1_250' title='bbox 2305 3344 2442 3383; x_wconf 87' lang='lat' dir='ltr'><strong>mea</strong></span> <span class='ocrx_word' id='word_1_251' title='bbox 2491 3331 2583 3383; x_wconf 68' lang='lat' dir='ltr'><strong>me</strong></span> 
     </span>
     <span class='ocr_line' id='line_1_34' title="bbox 473 3417 2581 3495; baseline 0.003 -21"><span class='ocrx_word' id='word_1_252' title='bbox 473 3417 856 3475; x_wconf 88' lang='lat' dir='ltr'><strong>vehementer</strong></span> <span class='ocrx_word' id='word_1_253' title='bbox 911 3424 1168 3491; x_wconf 69' lang='lat' dir='ltr'><strong>accuset,</strong></span> <span class='ocrx_word' id='word_1_254' title='bbox 1218 3420 1380 3493; x_wconf 93' lang='lat' dir='ltr'><strong>quod</strong></span> <span class='ocrx_word' id='word_1_255' title='bbox 1432 3430 1551 3478; x_wconf 90' lang='lat' dir='ltr'><strong>tam</strong></span> <span class='ocrx_word' id='word_1_256' title='bbox 1604 3422 1919 3495; x_wconf 70' lang='lat' dir='ltr'><strong>capitalem</strong></span> <span class='ocrx_word' id='word_1_257' title='bbox 1968 3421 2198 3478; x_wconf 89' lang='lat' dir='ltr'><strong>hostem</strong></span> <span class='ocrx_word' id='word_1_258' title='bbox 2251 3427 2372 3479; x_wconf 68' lang='lat' dir='ltr'><strong>non</strong></span> <span class='ocrx_word' id='word_1_259' title='bbox 2422 3442 2581 3481; x_wconf 89' lang='lat' dir='ltr'><strong>com·</strong></span> 
     </span>
     <span class='ocr_line' id='line_1_35' title="bbox 473 3515 2578 3594; baseline 0.003 -22"><span class='ocrx_word' id='word_1_260' title='bbox 473 3515 891 3591; x_wconf 90' lang='lat' dir='ltr'><strong>prehenderim</strong></span> <span class='ocrx_word' id='word_1_261' title='bbox 934 3517 1127 3590; x_wconf 89' lang='lat' dir='ltr'><strong>potius</strong></span> <span class='ocrx_word' id='word_1_262' title='bbox 1173 3535 1348 3590; x_wconf 89' lang='lat' dir='ltr'><strong>quam</strong></span> <span class='ocrx_word' id='word_1_263' title='bbox 1397 3517 1712 3587; x_wconf 71' lang='lat' dir='ltr'><strong>etniserim,</strong></span> <span class='ocrx_word' id='word_1_264' title='bbox 1757 3523 1877 3574; x_wconf 68' lang='lat' dir='ltr'><strong>non</strong></span> <span class='ocrx_word' id='word_1_265' title='bbox 1928 3527 2016 3574; x_wconf 92' lang='lat' dir='ltr'><strong>est</strong></span> <span class='ocrx_word' id='word_1_266' title='bbox 2057 3518 2170 3575; x_wconf 90' lang='lat' dir='ltr'><strong>ista</strong></span> <span class='ocrx_word' id='word_1_267' title='bbox 2214 3538 2348 3577; x_wconf 90' lang='lat' dir='ltr'><strong>mea</strong></span> <span class='ocrx_word' id='word_1_268' title='bbox 2390 3521 2578 3594; x_wconf 90' lang='lat' dir='ltr'><strong>culpa,</strong></span> 
     </span>
     <span class='ocr_line' id='line_1_36' title="bbox 476 3612 2579 3687; baseline 0.003 -19"><span class='ocrx_word' id='word_1_269' title='bbox 476 3612 752 3685; x_wconf 64' lang='lat' dir='ltr'><strong>QuiritES,</strong></span> <span class='ocrx_word' id='word_1_270' title='bbox 803 3612 908 3669; x_wconf 90' lang='lat' dir='ltr'><strong>sed</strong></span> <span class='ocrx_word' id='word_1_271' title='bbox 959 3624 1311 3687; x_wconf 88' lang='lat' dir='ltr'><strong>temporum.</strong></span> <span class='ocrx_word' id='word_1_272' title='bbox 1420 3614 1807 3671; x_wconf 88' lang='lat' dir='ltr'><strong>Interfectum</strong></span> <span class='ocrx_word' id='word_1_273' title='bbox 1860 3632 1987 3672; x_wconf 92' lang='lat' dir='ltr'><strong>esse</strong></span> <span class='ocrx_word' id='word_1_274' title='bbox 2040 3616 2104 3672; x_wconf 93' lang='lat' dir='ltr'><strong>L.</strong></span> <span class='ocrx_word' id='word_1_275' title='bbox 2157 3616 2475 3674; x_wconf 82' lang='lat' dir='ltr'><strong>Catilinam</strong></span> <span class='ocrx_word' id='word_1_276' title='bbox 2523 3628 2579 3674; x_wconf 93' lang='lat' dir='ltr'><strong>et</strong></span> 
     </span>
     <span class='ocr_line' id='line_1_37' title="bbox 474 3709 2578 3790; baseline 0.004 -24"><span class='ocrx_word' id='word_1_277' title='bbox 474 3709 816 3784; x_wconf 71' lang='lat' dir='ltr'><strong>gravissimo</strong></span> <span class='ocrx_word' id='word_1_278' title='bbox 859 3711 1146 3784; x_wconf 69' lang='lat' dir='ltr'><strong>supplicio</strong></span> <span class='ocrx_word' id='word_1_279' title='bbox 1189 3711 1491 3768; x_wconf 87' lang='lat' dir='ltr'><strong>adfectum</strong></span> <span class='ocrx_word' id='word_1_280' title='bbox 1535 3711 1650 3766; x_wconf 85' lang='lat' dir='ltr'><strong>iam</strong></span> <span class='ocrx_word' id='word_1_281' title='bbox 1697 3710 1928 3785; x_wconf 80' lang='lat' dir='ltr'><strong>pridem</strong></span> <span class='ocrx_word' id='word_1_282' title='bbox 1969 3713 2303 3786; x_wconf 68' lang='lat' dir='ltr'><strong>oportebat,</strong></span> <span class='ocrx_word' id='word_1_283' title='bbox 2335 3715 2511 3790; x_wconf 87' lang='lat' dir='ltr'><strong>idque</strong></span> <span class='ocrx_word' id='word_1_284' title='bbox 2545 3720 2578 3774; x_wconf 73' lang='grc' dir='ltr'>Ξ</span> 
     </span>
    </p>
   </div>
  </div>
 </body>
</html>
