2719 4161
678 251 789 309 DE
846 251 1194 308 IMPERIO
1258 250 1566 308 POMPEI
2045 256 2177 330 145

54 433 266 492 tinuos
293 443 428 493 ante
460 435 658 510 lagem
679 435 995 492 Gabiniam
1026 435 1123 492 ille
1154 434 1411 509 populus
1441 435 1749 491 Ramanus
1798 434 1964 490 ciiius
1993 437 2179 507 iisque

54 532 133 589 ad
187 543 449 590 nostram
501 532 850 590 memoriam
897 537 1118 589 namen
1175 532 1460 588 invictum
1508 531 1568 588 in
1617 530 1918 588 navalibus
1965 534 2179 605 pagnis

54 630 453 704 permanserit
507 635 721 704 magna
749 648 819 687 ac
864 630 1051 687 multo
1095 629 1351 686 maxima
1393 638 1558 704 parte
1595 633 1712 685 nan
1751 627 1934 687 modo
1962 627 2177 685 fitilita-

54 727 130 783 tis
178 726 290 785 sed
330 727 637 802 dignitatis
680 737 857 802 atque
903 727 1115 802 imperi
1156 727 1361 783 caruit.
1463 727 1591 783 Νὸε
1633 731 1881 800 quorum
1928 726 2179 784 maie->ras

54 824 427 883 Antiochum
480 830 684 900 ragem
740 826 924 883 classe
986 826 1341 898 Persemque
1390 829 1739 907 superarunt
1786 823 2178 898 omnibusque
2248 833 2274 883 5

52 923 366 982 navalibus
409 928 627 998 pagnis
671 922 1193 997 KarthaginiensiS‚
1240 921 1514 979 hominas
1556 922 1615 978 in
1661 921 1964 979 maritimis
2006 922 2178 980 rabus

53 1021 585 1078 exercitatissimos
612 1021 1149 1096 paratissimasque‚
1181 1024 1465 1090 vicarunt,
1496 1020 1539 1077 ii
1580 1019 1740 1076 millo
1781 1020 1842 1077 in
1884 1019 2019 1077 loca
2060 1020 2175 1078 iam

56 1119 467 1192 praed6nibus
509 1123 683 1193 paras
725 1136 854 1175 esse
894 1123 1233 1193 poteramus
1255 1138 1271 1189 3
1315 1122 1424 1174 nos
1470 1124 1571 1192 qui
1615 1123 1791 1175 antea
1834 1123 1952 1175 nan
1995 1117 2178 1176 modo

57 1203 300 1273 Italiam
344 1220 534 1273 tfitam
579 1216 945 1274 hababamus
975 1216 1081 1273 sed
1111 1222 1304 1272 omnis
1336 1215 1530 1273 socios
1562 1215 1621 1272 in
1649 1215 1868 1273 filtimis
1897 1220 2012 1273 aris
2040 1233 2176 1273 auc-

61 1314 301 1372 toritate
349 1320 540 1371 nostri
594 1314 807 1388 imperi
862 1313 1049 1372 salvas
1108 1319 1410 1388 praestare
1462 1319 1818 1388 poteramuS,
1872 1324 1994 1370 tum
2040 1331 2177 1370 cum
2223 1339 2277 1370 10

61 1413 252 1470 insula
295 1412 500 1483 Delos,
532 1422 652 1469 tam
698 1412 903 1486 procul
945 1417 981 1469 a
1021 1412 1192 1469 nobis
1236 1412 1294 1468 in
1337 1413 1580 1486 Aegaeo
1618 1417 1763 1469 mari
1805 1411 2015 1486 posita,
2057 1417 2178 1486 quc')

65 1515 272 1568 omnas
300 1508 567 1585 undique
596 1528 733 1566 cum
776 1509 1073 1567 mercibus
1110 1519 1287 1584 atque
1316 1509 1594 1567 oneribus
1624 1508 2058 1580 commeabant,
2088 1527 2175 1566 re-

69 1607 214 1665 ferta
251 1608 490 1679 divitiiS,
521 1626 719 1682 parva,
750 1607 875 1665 sine
921 1612 1105 1678 mara,
1139 1606 1284 1664 nihil
1329 1607 1593 1676 timabat,
1632 1606 1794 1665 idem
1838 1611 1958 1665 nan
1994 1606 2177 1665 modo

70 1706 381 1780 provinciis
425 1695 604 1781 atque
647 1710 762 1763 oris
803 1691 1011 1763 Italiae
1053 1705 1359 1762 maritimis
1400 1722 1469 1761 ac
1506 1704 1791 1779 portubus
1821 1711 2033 1762 nostris
2072 1704 2175 1762 sed

72 1804 242 1861 etiam
273 1804 473 1879 Appia
500 1804 616 1860 iam
639 1804 735 1861 via
757 1804 1101 1861 carebamus
1125 1823 1141 1875 3
1189 1812 1247 1859 et
1277 1803 1346 1859 iis
1377 1801 1741 1877 temporibus
1766 1806 1883 1859 non
1915 1802 2177 1877 pudabat
2222 1811 2272 1860 ι5

76 1903 439 1977 magistrati-is
482 1902 690 1977 populi
739 1902 995 1959 Romam
1042 1900 1104 1957 in
1150 1899 1308 1956 hunc
1354 1900 1545 1974 ipsum
1592 1899 1789 1956 locum
1834 1899 2176 1971 ascendere,

76 2017 205 2057 cum
259 2018 398 2058 eum
456 2000 626 2057 nabis
684 1998 932 2056 maiores
987 2004 1174 2057 nostri
1233 1997 1453 2055 exuviis
1509 1997 1760 2055 nauticis
1802 2006 1862 2054 et
1904 1996 2175 2054 classium

80 2098 267 2173 spoliis
297 2104 572 2158 amatum
604 2097 991 2173 reliquissent.

520 2277 764 2325 Gabinius
795 2278 843 2325 is
872 2277 1042 2337 juntly
1073 2276 1291 2323 entitled
1318 2277 1376 2323 to
1404 2275 1725 2335 recognition.

152 2399 310 2456 XIX.
369 2399 539 2456 Bono
568 2402 628 2455 ta
655 2397 856 2453 animo
885 2406 1028 2467 tum,
1053 2395 1130 2468 Q.
1165 2396 1470 2465 Hortansi,
1502 2394 1755 2469 populus
1785 2396 2089 2452 Ramanus
2118 2404 2178 2453 et

89 2501 298 2554 ceteros
327 2503 429 2571 qui
459 2504 623 2553 erant
652 2495 713 2551 in
744 2494 953 2552 eadem
985 2493 1280 2551 sententia
1319 2492 1520 2550 dicere
1552 2492 1902 2550 existimavit
1932 2511 2001 2550 ea
2024 2511 2177 2567 quae
2217 2514 2275 2547 20

89 2594 410 2652 sentiebatis
432 2614 448 2665 3
492 2593 601 2651 sed
642 2602 842 2651 tamen
885 2592 945 2650 in
989 2591 1174 2649 salfite
1220 2595 1527 2647 commfini
1568 2589 1728 2647 idern
1770 2590 2023 2665 populus
2054 2592 2174 2648 Ro-

91 2697 277 2748 manus
305 2691 499 2748 dolari
526 2695 633 2748 suo
663 2690 866 2747 maluit
895 2707 1072 2764 quam
1115 2689 1453 2746 auctoritati
1482 2696 1709 2745 vestrae
1741 2688 2173 2763 obtemperare.

94 2789 282 2863 Itaque
322 2794 441 2846 sina
481 2789 593 2859 lax,
633 2793 784 2845 finus
827 2788 927 2859 vir,
963 2792 1114 2844 finus
1157 2805 1343 2845 annus
1388 2791 1509 2843 non
1551 2785 1736 2843 modo
1779 2791 1886 2843 nos
1928 2786 2025 2843 illa
2067 2787 2171 2843 mi-

95 2888 225 2945 seria
275 2907 343 2944 ac
400 2885 765 2962 turpitudine
811 2885 1075 2945 liberavit
1118 2884 1225 2943 sed
1266 2885 1445 2941 etiam
1498 2884 1692 2941 effecit
1740 2892 1804 2940 ut
1856 2883 2174 2958 aliquanda

96 2989 212 3043 νὲῐὲ
237 2986 566 3044 vide-{ramur
601 2984 874 3042 omnibus
918 2983 1191 3059 gentibus
1233 3001 1303 3040 ac
1347 2981 1687 3039 natic‘mibus
1724 2986 1877 3039 terra
1907 2988 2171 3056 marique
2214 2993 2267 3038 ²5

96 3081 375 3157 imperare.

167 3181 290 3253 Qua
318 3181 460 3238 mihi
491 3181 671 3239 etiam
701 3179 996 3256 indignius
1025 3178 1256 3237 vidatur
1286 3179 1683 3236 obtrectatum
1718 3196 1845 3235 esse
1873 3176 2070 3236 adhfic
2091 3212 2172 3220 —

102 3278 325 3337 Gabinia
353 3280 547 3337 dicam
578 3296 740 3337 anne.
765 3279 1052 3353 Pompaio
1080 3296 1155 3335 an
1183 3284 1434 3351 utrique,
1458 3276 1516 3333 id
1542 3275 1706 3351 quod
1735 3285 1823 3332 est
1844 3275 2169 3333 varius?—

103 3379 164 3432 na
195 3377 468 3452 lagare‘tur
493 3379 562 3435 A.
595 3377 880 3435 Gabinius
912 3376 1023 3434 Cn.
1066 3376 1354 3449 Pompaia
1393 3380 1697 3449 expetenti
1729 3392 1798 3430 ac
1829 3375 2168 3448 postulanti.

105 3473 285 3532 Utrum
313 3475 424 3547 ille,
455 3482 557 3550 qui
583 3474 841 3550 postulat
876 3473 954 3531 ad
993 3482 1220 3530 tantum
1258 3472 1477 3530 bellum
1511 3472 1766 3546 legatum
1799 3489 1975 3546 quem
2008 3472 2167 3544 velit,
2212 3480 2268 3524 30

109 3570 319 3632 idaneus
354 3579 472 3631 nan
517 3581 606 3631 est
636 3579 739 3647 qui
780 3572 1077 3645 impetret,
1108 3589 1243 3626 cum
1268 3574 1459 3626 cateri
1491 3569 1565 3626 ad
1598 3568 1943 3643 expilandos
1975 3571 2167 3627 socias

111 3666 543 3745 diripiendasque
573 3670 903 3745 provincias
934 3673 1080 3742 quc->s
1108 3667 1420 3725 voluarunt
1449 3666 1672 3741 lagatos
1703 3666 2012 3724 adfixerint
2035 3688 2051 3739 3
2092 3686 2166 3724 an

113 3764 212 3837 ipse
253 3769 406 3826 cuius
448 3768 579 3843 lage
622 3766 776 3825 saliis
817 3785 887 3824 ac
924 3765 1177 3843 dignitas
1209 3764 1435 3842 popula
1464 3765 1742 3821 Romana
1770 3774 1946 3837 atque
1978 3765 2165 3822 omni-

392 3877 424 3915 L
