2719 4161
384 1293 440 1325 10

388 1783 440 1831 15

388 2278 445 2309 20

387 2970 440 3017 25

388 3455 446 3501 30

486 205 617 296 196
1048 212 1477 270 ORATIONS
1538 209 1644 266 OF
1695 206 2002 265 CICERO

475 415 616 455 num
639 401 930 455 censensi-1
962 400 1070 470 pre
1097 396 1283 453 salute
1308 401 1391 452 rei
1420 392 1690 469 publicae
1721 399 1884 466 gesta
1913 386 2250 458 resciderat,
2268 389 2376 442 me
2399 383 2566 459 patrii

477 495 796 574 expulerat,
848 495 1006 551 bona
1054 493 1396 568 diripuerat,
1443 491 1690 548 domum
1747 486 2109 556 incenderat,
2158 484 2402 553 liberes,
2444 500 2564 538 con‘

477 595 674 669 iugem
718 610 911 649 meam
952 597 1209 661 vexarat,
1245 591 1356 648 Cn.
1391 588 1676 663 Pompeie

478 691 764 748 nefarium
801 691 1017 747 bellum
1050 690 1358 759 indixerat,
1380 687 1678 761 magistre„-

479 799 644 846 tuum
670 793 1142 862 priveterumque
1161 785 1363 844 caedis
1383 785 1676 853 effecerat,

479 887 725 945 domum
756 893 872 942 mei
892 885 1079 942 fra'tris
1108 883 1471 953 incenderat,
1493 886 1676 939 vaste-

481 995 569 1042 rat
605 985 915 1054 Euthiam,
946 983 1161 1039 multes
1190 981 1430 1039 sedibus
1465 998 1535 1035 ac
1566 978 1676 1036 for-

481 1088 636 1140 tiinis
687 1083 955 1140 eiecerat.
1053 1067 1336 1150 Instabat,
1395 1077 1639 1152 urgebat
1659 1097 1678 1149 ;

482 1198 693 1255 capere
723 1180 845 1237 eius
873 1179 1193 1236 ementiam
1230 1178 1455 1248 civitem,
1487 1163 1677 1246 Italia,

481 1278 835 1353 previnciae,
909 1282 1089 1351 regna
1162 1281 1285 1332 nen
1362 1283 1634 1348 poterant
1656 1293 1674 1345 ;

480 1375 888 1433 incidebantur
931 1375 1047 1431 iam
1096 1374 1261 1431 dorni
1317 1372 1476 1447 leges
1524 1388 1678 1444 quae

481 1479 590 1531 nes
633 1480 810 1531 servis
853 1480 1064 1530 nostris
1104 1472 1490 1542 azldicerent3
1534 1470 1678 1527 nihil

484 1584 609 1629 erat
664 1573 1025 1645 efiiusquam,
1070 1569 1234 1644 quod
1280 1568 1526 1643 quidem
1582 1569 1679 1627 ille

483 1669 831 1739 adamesset,
907 1666 1069 1741 quod
1138 1671 1259 1723 nen
1330 1667 1445 1725 hec
1523 1672 1683 1724 anne

485 1786 650 1825 suum
701 1766 825 1822 fore
872 1770 1121 1839 puteret.
1221 1763 1513 1822 Obstebat
1557 1765 1682 1822 eius

485 1862 939 1938 cegitetienibus
994 1866 1173 1919 neme
1230 1872 1461 1936 praeter
1512 1862 1683 1919 Milo-

484 1979 640 2018 nem.
727 1960 900 2017 Illum
936 1960 1126 2032 ipsum
1162 1966 1263 2033 qui
1300 1959 1537 2016 obstere
1575 1976 1681 2033 po-

486 2067 635 2116 terat
683 2062 837 2115 nove
882 2057 1074 2116 redite
1116 2057 1174 2113 in
1220 2056 1467 2131 gretiam
1518 2056 1682 2131 quasi

486 2156 825 2215 devinctum
908 2155 1332 2223 arbitrebetur3
1418 2154 1684 2211 Caesaris

486 2254 814 2329 potentiam
858 2272 1020 2311 suam
1058 2270 1185 2311 esse
1228 2250 1504 2322 dicebat3
1563 2252 1854 2309 bonerum
1897 2251 2126 2308 animes
2165 2249 2229 2308 in
2280 2257 2425 2310 mee
2464 2253 2586 2307 c‘asfi

486 2361 923 2426 contempserat
945 2371 962 2422 3
1014 2351 1163 2407 Mile
1192 2354 1340 2405 finus
1371 2347 1633 2423 urgebat.

2019 2114 2057 2151 A
2088 2113 2212 2150 WAx
2253 2114 2415 2152 MASK

527 2535 763 2581 without
792 2533 956 2580 divine
986 2533 1103 2591 help
1133 2533 1222 2578 the
1254 2534 1396 2579 state
1427 2533 1569 2579 could
1598 2544 1751 2578 never
1778 2534 1908 2579 have
1940 2533 2159 2580 checked
2188 2532 2277 2580 his
2309 2533 2547 2580 violence.

565 2654 852 2711 XXXIII.
912 2654 1031 2709 Hic
1074 2650 1136 2708 di
1179 2652 1556 2723 immorteleS,
1587 2662 1650 2709 ut
1680 2657 1856 2726 supre,
1883 2651 2023 2721 dixi,
2056 2660 2330 2709 mentem
2363 2653 2447 2709 illi
2474 2668 2586 2725 per·

487 2751 613 2808 dite
643 2769 712 2806 ac
744 2750 959 2806 furiese
989 2747 1281 2805 dederunt
1312 2759 1375 2805 ut
1406 2749 1541 2806 huic
1571 2748 1789 2807 faceret
1817 2748 2076 2806 insidias
2172 2749 2366 2806 Aliter
2411 2754 2589 2824 perire

487 2849 666 2925 pestis
696 2849 791 2904 illa
815 2852 933 2903 nen
962 2846 1154 2921 potuit
1179 2867 1193 2916 ;
1238 2865 1561 2921 numquam
1584 2846 1744 2903 illum
1775 2851 1866 2904 res
1890 2846 2127 2920 publica
2155 2851 2263 2904 sue
2297 2847 2427 2905 ifire
2451 2853 2588 2903 esset

487 2948 623 3004 ulta.
735 2947 996 3015 Senetus,
1041 2944 1237 3013 crede,
1284 2949 1621 3018 praeterem
1666 2963 1799 3001 eum
1842 2943 2425 3018 circumscripsisset.
2509 2942 2591 2999 Ne

487 3064 623 3101 cum
669 3043 895 3101 solebat
940 3040 1185 3116 quidem
1231 3041 1292 3099 id
1339 3041 1550 3112 facere,
1588 3043 1648 3098 in
1695 3046 1921 3116 privete
1963 3041 2179 3099 eedem
2221 3041 2342 3099 hec
2381 3038 2586 3116 aliquid

487 3143 831 3216 prefecerat.
919 3143 1011 3197 An
1036 3141 1304 3198 censules
1336 3141 1396 3197 in
1426 3146 1701 3214 praetere
1732 3139 2069 3198 coercende
2100 3141 2284 3198 fortes*
2315 3138 2588 3199 fuissent?

490 3241 747 3296 Primum
777 3239 1003 3297 Milene
1028 3245 1227 3296 occise
1257 3239 1554 3297 habuisset
1584 3243 1718 3296 sues
1742 3240 2031 3296 censuleS.
2106 3239 2353 3297 Deinde
2383 3238 2509 3313 quis
2535 3236 2583 3292 in

489 3343 562 3395 ee
607 3324 885 3412 praetere
921 3339 1126 3395 censu]
1172 3339 1335 3396 fortis
1384 3348 1554 3409 esset,
1596 3357 1703 3412 per
1747 3356 1922 3412 quem
1973 3338 2274 3397 tribfinum
2323 3339 2584 3396 viru-item

487 3435 856 3510 censulerem
899 3436 1299 3494 crudelissime
1340 3442 1612 3494 vexatam
1658 3454 1784 3493 esse
1827 3436 2233 3494 meminisset?
2336 3438 2583 3512 Oppres-

487 3534 653 3591 sisset
695 3534 911 3603 omnia,
953 3533 1297 3607 possideret,
1335 3539 1601 3602 teneret3
1646 3534 1776 3607 lege
1821 3540 1992 3603 nove,
2030 3552 2182 3608 quae
2222 3544 2312 3591 est
2363 3535 2586 3592 inventa

488 3632 644 3707 apud
677 3651 811 3689 eum
842 3650 979 3688 cum
1010 3631 1244 3705 reliquis
1273 3632 1496 3706 legibus
1527 3630 1849 3702 medieni&
1869 3637 2065 3689 serves
2095 3637 2330 3690 nostres
2362 3633 2583 3690 libertos

489 3735 624 3788 sues
648 3729 878 3787 fecisset
899 3748 915 3798 3
960 3733 1278 3803 postreme,
1302 3729 1411 3785 nisi
1443 3747 1578 3786 eum
1601 3728 1663 3785 di
1693 3728 2051 3786 immorteles
2083 3729 2139 3785 in
2173 3747 2304 3786 eam
2337 3740 2582 3788 mentem
2667 3724 2669 3729 ’
