2719 4161
692 250 781 308 IN
842 249 1313 309 CATILINAM
1376 249 1684 307 TERTIA
2098 261 2222 309 101

140 435 374 512 Capitoli
415 445 624 493 autem
662 434 1070 494 inconsionem
1098 434 1425 492 vicosimus.
1514 435 1691 492 Hanc
1731 444 1929 494 autern
1962 436 2234 513 Cethogo

140 551 249 591 cum
278 538 506 592 coteris
537 533 993 591 controversiam
1026 532 1198 590 fuisse
1230 532 1517 603 dixorunt,
1544 532 1704 607 quod
1739 533 1989 592 Lentulo
2019 546 2080 593 et
2108 536 2234 594 aliis

138 632 526 690 Saturnalibus
549 631 796 690 caedem
820 631 947 689 fieri
966 640 1143 706 atque
1168 631 1375 690 urbem
1398 631 1639 689 incendi
1663 632 1937 707 placoret,
1963 633 2242 711 Cethogo

139 730 367 788 nimium
399 729 467 789 id
498 730 738 805 longum
768 728 1084 787 vidorotur.

674 906 779 952 The
808 907 993 953 letters
1024 917 1109 952 are
1139 904 1398 953 identified
1427 907 1525 953 and
1555 907 1691 953 read.

201 1029 272 1087 V.
328 1030 421 1086 Ac
449 1031 528 1085 no
559 1027 797 1103 longum
820 1026 912 1100 sit,
934 1027 1214 1101 QuiritES,
1230 1026 1472 1085 tabellas
1496 1027 1740 1103 proferri
1780 1027 2048 1087 iussimus
2077 1047 2230 1105 quae
2273 1054 2296 1102 ⁵

135 1130 163 1182 Ξ
191 1130 429 1201 quoque
479 1124 830 1183 dicobantur
879 1124 1074 1184 datae.
1176 1127 1374 1183 Primo
1424 1124 1791 1183 ostendimus
1838 1126 2111 1203 Cethogo
2156 1135 2228 1186 si-

133 1242 339 1300 gnum3
384 1224 681 1298 cognovit.
758 1223 895 1288 Nos
936 1223 1119 1282 linum
1163 1224 1497 1296 incidimus,
1527 1222 1792 1298 logimuS.
1879 1226 2022 1282 Erat
2050 1232 2228 1302 scrip-

1327 1332 1454 1380 tum
1512 1323 1690 1397 ipsius
1736 1328 1914 1380 mano
1962 1324 2228 1383 Allobro-

1327 1439 1467 1496 gum
1497 1425 1726 1478 senatui
1755 1431 1813 1478 et
1835 1422 2078 1496 populo,
2102 1426 2229 1481 soso

1327 1536 1479 1592 quae
1516 1524 1720 1576 eorum
1763 1519 1968 1594 logotis
2016 1522 2232 1578 confir-
2276 1539 2330 1574 ιο

1328 1621 1545 1673 mosset
1565 1616 1853 1674 factorum
1873 1634 2019 1687 esse,
2065 1622 2228 1679 orire

1328 1723 1393 1786 ut
1442 1714 1585 1773 item
1635 1714 1714 1771 illi
1764 1714 2025 1772 facerent
2078 1732 2230 1790 quae

1329 1812 1440 1870 sibi
1489 1816 1695 1870 eorum
1753 1812 1927 1887 legati
1981 1813 2231 1888 recopis-

1328 1918 1478 1968 sent.
1568 1910 1724 1967 Tum
1768 1910 2086 1985 CethoguS,
2129 1917 2230 1984 qui

517 2036 885 2075 smum-umes
1157 2085 1164 2092 .
1326 2008 1504 2083 paulo
1560 2018 1698 2065 ante
1752 2006 1974 2083 aliquid
2032 2018 2229 2066 tamen
2277 2036 2325 2085 ¹5

721 2107 726 2112 ’
1328 2107 1405 2164 do
1425 2105 1631 2182 gladiis
1649 2125 1719 2164 ac
1742 2112 1874 2165 sicis
1894 2125 2047 2181 quae
2069 2107 2230 2182 apud

133 2201 307 2277 ipsum
356 2212 530 2263 erant
575 2203 946 2280 doprehonsa
994 2204 1418 2279 respondisset,
1471 2205 1829 2278 dixissetque
1881 2209 1942 2262 so
1993 2223 2231 2281 semper

134 2300 412 2359 bonorum
488 2301 975 2360 ferromentorum
1039 2303 1371 2361 studiosum
1435 2302 1629 2373 fuisse,
1696 2303 1954 2360 recitatis
2023 2303 2229 2362 litteris

135 2398 460 2457 dobilitatus
488 2410 666 2474 atque
694 2401 961 2459 abiectus
990 2401 1355 2459 conscientia
1384 2410 1630 2475 repente
1661 2401 1961 2458 conticuit.
2036 2402 2227 2459 Intro-

135 2495 329 2555 ductus
352 2507 445 2555 est
467 2498 723 2556 Statilius
752 2518 769 2570 3
814 2499 1092 2574 cognovit
1116 2509 1174 2556 et
1195 2505 1427 2574 signum
1452 2508 1511 2556 et
1534 2517 1774 2555 manum
1797 2517 1980 2556 suam.
2051 2500 2227 2557 Reci-
2270 2525 2328 2557 20

135 2597 276 2652 tatae
313 2605 451 2653 sunt
491 2595 742 2654 tabellae
778 2596 838 2653 in
874 2596 1129 2654 eandem
1164 2597 1284 2654 fero
1322 2596 1714 2668 sententiam3
1772 2597 2076 2655 confessus
2121 2608 2227 2656 est.

134 2690 273 2749 Tum
300 2692 540 2751 ostendi
570 2693 811 2752 tabellis
842 2694 1094 2752 Leutulo
1117 2704 1177 2752 et
1199 2700 1460 2769 quaesivi
1488 2698 1956 2768 cognosceretne
1980 2700 2226 2770 signum.

137 2788 360 2849 Adnuit.
447 2795 483 2822 “
510 2792 616 2848 Est
643 2793 842 2863 voro,”
874 2793 1134 2867 inquam,
1166 2797 1201 2823 “
1220 2797 1428 2850 notum
1471 2791 1714 2866 quidem
1756 2798 2003 2866 signum,
2034 2794 2228 2868 imago

137 2893 221 2943 avi
240 2894 333 2960 tui,
353 2887 657 2946 clarissimi
680 2889 800 2961 viri,
820 2896 920 2963 qui
942 2890 1159 2948 amavit
1180 2890 1353 2948 unico
1385 2891 1630 2965 patriam
1649 2899 1708 2947 et
1724 2896 1865 2946 civis
1882 2895 2016 2947 suos
2029 2912 2045 2963 3
2079 2907 2229 2963 quae

139 2985 363 3058 quidem
384 2991 443 3045 to
474 2992 511 3044 Ξ.
539 2992 704 3046 tanto
727 2989 949 3047 scelere
973 2990 1151 3046 etiam
1176 2994 1337 3047 mota
1359 2994 1634 3047 revocare
1659 2988 1921 3047 dobuit.''
1994 2989 2225 3063 Legun-
2268 3015 2322 3063 25

140 3090 225 3138 tur
250 3084 454 3142 eadem
475 3085 704 3143 ratione
732 3085 810 3143 ad
839 3091 1108 3145 senatum
1134 3086 1513 3162 Allobrogum
1546 3087 1950 3162 populumque
1980 3086 2225 3145 litterae.

215 3180 267 3238 Si
308 3182 449 3256 quid
491 3181 568 3240 do
608 3182 696 3241 his
734 3185 906 3242 robus
945 3184 1144 3242 dicere
1184 3185 1378 3256 vellet,
1416 3184 1532 3242 ioci
1572 3189 1948 3259 potestatem.
2031 3187 2228 3259 Atque

143 3275 228 3334 ille
273 3285 460 3353 primo
505 3279 749 3355 quidem
805 3283 1079 3357 negavit3
1138 3293 1273 3358 post
1316 3291 1516 3340 autern
1562 3283 1881 3355 aliquanto,
1927 3286 2054 3339 toto
2110 3282 2226 3339 iam

145 3373 346 3435 indicio
385 3379 655 3454 exposito
695 3390 870 3454 atque
912 3379 1092 3450 odito,
1135 3381 1381 3440 surroxit
1402 3402 1419 3454 3
1463 3380 1752 3456 quaesivit
1789 3385 1825 3437 a
1863 3379 2044 3438 Gallis
2083 3379 2228 3454 quid

144 3472 238 3531 sibi
266 3487 419 3536 esset
449 3496 586 3535 curn
617 3479 684 3536 iis
712 3497 892 3553 quam
913 3479 992 3537 ob
1015 3497 1138 3538 rem
1164 3479 1410 3538 domum
1435 3498 1599 3539 suam
1623 3478 1939 3550 vonissent,
1964 3477 2228 3552 itemque
2269 3499 2327 3545 30

144 3573 172 3626 εἶ
195 3572 510 3634 Volturcio.
596 3575 714 3649 Qui
743 3595 878 3634 cum
903 3577 982 3635 illi
1006 3578 1262 3637 breviter
1285 3583 1744 3652 constanterque
1765 3575 2228 3653 respondissent,

143 3684 233 3741 per
259 3690 437 3747 quem
480 3671 556 3731 ad
588 3691 723 3732 eum
764 3675 1155 3750 quotionsque
1186 3676 1502 3747 vonissent,
1534 3682 2015 3750 quaesissentque
2048 3672 2124 3731 ab
2154 3678 2229 3731 eo

140 3767 345 3830 nihilne
386 3775 593 3830 socum
632 3782 788 3831 esset
822 3772 900 3831 do
942 3772 1077 3830 fatis
1116 3772 1410 3848 Sibyllinis
1450 3773 1697 3844 locotuS,
1731 3782 1859 3830 tum
1896 3772 1989 3829 ille
2032 3771 2226 3829 subito
