<?xml version="1.0" encoding="UTF-8"?>
<!DOCTYPE html PUBLIC "-//W3C//DTD XHTML 1.0 Transitional//EN"
    "http://www.w3.org/TR/xhtml1/DTD/xhtml1-transitional.dtd">
<html xmlns="http://www.w3.org/1999/xhtml" xml:lang="en" lang="en">
 <head>
  <title>
</title>
<meta http-equiv="Content-Type" content="text/html;charset=utf-8" />
  <meta name='ocr-system' content='tesseract 3.04.00' />
  <meta name='ocr-capabilities' content='ocr_page ocr_carea ocr_par ocr_line ocrx_word'/>
</head>
<body>
  <div class='ocr_page' id='page_1' title='image "./tenorationswith00mincgoog_0268.png"; bbox 0 0 2719 4161; ppageno 0'>
   <div class='ocr_carea' id='block_1_1' title="bbox 311 1496 456 1542">
    <p class='ocr_par' dir='ltr' id='par_1_1' title="bbox 311 1496 456 1542">
     <span class='ocr_line' id='line_1_1' title="bbox 311 1496 456 1542; baseline 0.007 -1"><span class='ocrx_word' id='word_1_1' title='bbox 311 1496 456 1542; x_wconf 79' lang='grc' dir='ltr'><strong>ἰο</strong></span> 
     </span>
    </p>
   </div>
   <div class='ocr_carea' id='block_1_2' title="bbox 401 1989 450 2036">
    <p class='ocr_par' dir='ltr' id='par_1_2' title="bbox 401 1989 450 2036">
     <span class='ocr_line' id='line_1_2' title="bbox 401 1989 450 2036; baseline 0 0"><span class='ocrx_word' id='word_1_2' title='bbox 401 1989 450 2036; x_wconf 84' lang='lat'><strong>15</strong></span> 
     </span>
    </p>
   </div>
   <div class='ocr_carea' id='block_1_3' title="bbox 396 2492 453 2522">
    <p class='ocr_par' dir='ltr' id='par_1_3' title="bbox 396 2492 453 2522">
     <span class='ocr_line' id='line_1_3' title="bbox 396 2492 453 2522; baseline 0 0"><span class='ocrx_word' id='word_1_3' title='bbox 396 2492 453 2522; x_wconf 86' lang='lat'><strong>20</strong></span> 
     </span>
    </p>
   </div>
   <div class='ocr_carea' id='block_1_4' title="bbox 395 2974 449 3022">
    <p class='ocr_par' dir='ltr' id='par_1_4' title="bbox 395 2974 449 3022">
     <span class='ocr_line' id='line_1_4' title="bbox 395 2974 449 3022; baseline 0 0"><span class='ocrx_word' id='word_1_4' title='bbox 395 2974 449 3022; x_wconf 80' lang='lat'><strong>²5</strong></span> 
     </span>
    </p>
   </div>
   <div class='ocr_carea' id='block_1_5' title="bbox 509 223 2040 299">
    <p class='ocr_par' dir='ltr' id='par_1_5' title="bbox 509 223 2040 299">
     <span class='ocr_line' id='line_1_5' title="bbox 509 223 2040 299; baseline -0.003 0"><span class='ocrx_word' id='word_1_5' title='bbox 509 223 648 299; x_wconf 87' lang='lat'><strong>226</strong></span> <span class='ocrx_word' id='word_1_6' title='bbox 1080 239 1505 297; x_wconf 82' lang='lat' dir='ltr'><strong>oRAT1oNs</strong></span> <span class='ocrx_word' id='word_1_7' title='bbox 1568 240 1675 296; x_wconf 90' lang='lat' dir='ltr'><strong>OF</strong></span> <span class='ocrx_word' id='word_1_8' title='bbox 1733 236 2040 296; x_wconf 84' lang='lat' dir='ltr'>CICERO</span> 
     </span>
    </p>
   </div>
   <div class='ocr_carea' id='block_1_6' title="bbox 501 421 2569 874">
    <p class='ocr_par' dir='ltr' id='par_1_6' title="bbox 501 421 2569 874">
     <span class='ocr_line' id='line_1_6' title="bbox 505 421 2564 499; baseline -0.001 -18"><span class='ocrx_word' id='word_1_9' title='bbox 505 428 624 481; x_wconf 69' lang='lat' dir='ltr'><strong>non</strong></span> <span class='ocrx_word' id='word_1_10' title='bbox 667 422 993 499; x_wconf 67' lang='lat' dir='ltr'><strong>cupiditate</strong></span> <span class='ocrx_word' id='word_1_11' title='bbox 1037 423 1381 498; x_wconf 89' lang='lat' dir='ltr'><strong>praesertim</strong></span> <span class='ocrx_word' id='word_1_12' title='bbox 1427 422 1623 496; x_wconf 64' lang='lat' dir='ltr'><strong>aliqua</strong></span> <span class='ocrx_word' id='word_1_13' title='bbox 1665 431 1766 480; x_wconf 88' lang='lat' dir='ltr'><strong>aut</strong></span> <span class='ocrx_word' id='word_1_14' title='bbox 1801 422 2087 497; x_wconf 63' lang='lat' dir='ltr'><strong>pravitate</strong></span> <span class='ocrx_word' id='word_1_15' title='bbox 2121 421 2319 498; x_wconf 82' lang='lat' dir='ltr'>lapsis,</span> <span class='ocrx_word' id='word_1_16' title='bbox 2351 422 2452 481; x_wconf 89' lang='lat' dir='ltr'><strong>sed</strong></span> <span class='ocrx_word' id='word_1_17' title='bbox 2474 429 2564 498; x_wconf 85' lang='lat' dir='ltr'><strong>opi-</strong></span> 
     </span>
     <span class='ocr_line' id='line_1_7' title="bbox 505 519 2568 595; baseline -0 -17"><span class='ocrx_word' id='word_1_18' title='bbox 505 522 682 579; x_wconf 73' lang='lat' dir='ltr'><strong>nione</strong></span> <span class='ocrx_word' id='word_1_19' title='bbox 708 521 882 593; x_wconf 85' lang='lat' dir='ltr'><strong>offici,</strong></span> <span class='ocrx_word' id='word_1_20' title='bbox 902 520 1077 580; x_wconf 67' lang='lat' dir='ltr'><strong>stulta</strong></span> <span class='ocrx_word' id='word_1_21' title='bbox 1101 520 1363 591; x_wconf 83' lang='lat' dir='ltr'><strong>fortasse,</strong></span> <span class='ocrx_word' id='word_1_22' title='bbox 1385 524 1547 578; x_wconf 69' lang='lat' dir='ltr'><strong>certe</strong></span> <span class='ocrx_word' id='word_1_23' title='bbox 1575 524 1696 577; x_wconf 70' lang='lat' dir='ltr'><strong>non</strong></span> <span class='ocrx_word' id='word_1_24' title='bbox 1727 519 2015 594; x_wconf 68' lang='lat' dir='ltr'><strong>improba,</strong></span> <span class='ocrx_word' id='word_1_25' title='bbox 2039 530 2099 577; x_wconf 93' lang='lat' dir='ltr'><strong>et</strong></span> <span class='ocrx_word' id='word_1_26' title='bbox 2129 521 2334 595; x_wconf 67' lang='lat' dir='ltr'><strong>specie</strong></span> <span class='ocrx_word' id='word_1_27' title='bbox 2356 520 2568 595; x_wconf 66' lang='lat' dir='ltr'><strong>quadam</strong></span> 
     </span>
     <span class='ocr_line' id='line_1_8' title="bbox 505 616 2569 695; baseline -0.001 -18"><span class='ocrx_word' id='word_1_28' title='bbox 505 626 589 678; x_wconf 80' lang='lat' dir='ltr'><strong>rei</strong></span> <span class='ocrx_word' id='word_1_29' title='bbox 619 619 911 695; x_wconf 74' lang='lat' dir='ltr'><strong>pfiblicae.</strong></span> <span class='ocrx_word' id='word_1_30' title='bbox 997 619 1135 676; x_wconf 73' lang='lat' dir='ltr'><strong>Non</strong></span> <span class='ocrx_word' id='word_1_31' title='bbox 1166 618 1323 675; x_wconf 92' lang='lat' dir='ltr'><strong>enim</strong></span> <span class='ocrx_word' id='word_1_32' title='bbox 1356 627 1457 675; x_wconf 92' lang='lat' dir='ltr'><strong>tua</strong></span> <span class='ocrx_word' id='word_1_33' title='bbox 1484 616 1601 675; x_wconf 76' lang='lat' dir='ltr'><strong>ulla</strong></span> <span class='ocrx_word' id='word_1_34' title='bbox 1635 617 1810 692; x_wconf 92' lang='lat' dir='ltr'><strong>culpa</strong></span> <span class='ocrx_word' id='word_1_35' title='bbox 1849 626 1938 673; x_wconf 90' lang='lat' dir='ltr'><strong>est</strong></span> <span class='ocrx_word' id='word_1_36' title='bbox 1987 623 2035 674; x_wconf 86' lang='lat' dir='ltr'><strong>si</strong></span> <span class='ocrx_word' id='word_1_37' title='bbox 2077 621 2138 675; x_wconf 63' lang='lat' dir='ltr'><strong>te</strong></span> <span class='ocrx_word' id='word_1_38' title='bbox 2182 618 2364 694; x_wconf 83' lang='lat' dir='ltr'><strong>aliqui</strong></span> <span class='ocrx_word' id='word_1_39' title='bbox 2405 618 2569 675; x_wconf 64' lang='lat' dir='ltr'><strong>timue-</strong></span> 
     </span>
     <span class='ocr_line' id='line_1_9' title="bbox 502 713 2569 792; baseline -0.001 -17"><span class='ocrx_word' id='word_1_40' title='bbox 502 728 654 789; x_wconf 89' lang='lat' dir='ltr'><strong>runt,</strong></span> <span class='ocrx_word' id='word_1_41' title='bbox 701 721 1022 792; x_wconf 65' lang='lat' dir='ltr'><strong>contraque</strong></span> <span class='ocrx_word' id='word_1_42' title='bbox 1072 733 1303 773; x_wconf 91' lang='lat' dir='ltr'><strong>summa</strong></span> <span class='ocrx_word' id='word_1_43' title='bbox 1350 715 1475 773; x_wconf 88' lang='lat' dir='ltr'><strong>laus</strong></span> <span class='ocrx_word' id='word_1_44' title='bbox 1529 713 1692 790; x_wconf 90' lang='lat' dir='ltr'><strong>quod</strong></span> <span class='ocrx_word' id='word_1_45' title='bbox 1751 714 1994 773; x_wconf 68' lang='lat' dir='ltr'><strong>minime</strong></span> <span class='ocrx_word' id='word_1_46' title='bbox 2045 714 2380 773; x_wconf 89' lang='lat' dir='ltr'><strong>timendum</strong></span> <span class='ocrx_word' id='word_1_47' title='bbox 2437 715 2569 772; x_wconf 84' lang='lat' dir='ltr'><strong>fuisse</strong></span> 
     </span>
     <span class='ocr_line' id='line_1_10' title="bbox 501 820 824 874; baseline -0.003 -1"><span class='ocrx_word' id='word_1_48' title='bbox 501 820 824 874; x_wconf 69' lang='lat' dir='ltr'><strong>senserunt.</strong></span> 
     </span>
    </p>
   </div>
   <div class='ocr_carea' id='block_1_7' title="bbox 1168 968 1938 1031">
    <p class='ocr_par' dir='ltr' id='par_1_7' title="bbox 1168 968 1938 1031">
     <span class='ocr_line' id='line_1_11' title="bbox 1168 968 1938 1031; baseline -0.001 -13"><span class='ocrx_word' id='word_1_49' title='bbox 1168 971 1306 1019; x_wconf 82' lang='lat' dir='ltr'><strong>Your</strong></span> <span class='ocrx_word' id='word_1_50' title='bbox 1334 968 1516 1031; x_wconf 70' lang='lat' dir='ltr'><strong>earety</strong></span> <span class='ocrx_word' id='word_1_51' title='bbox 1545 970 1594 1018; x_wconf 76' lang='lat' dir='ltr'><strong>is</strong></span> <span class='ocrx_word' id='word_1_52' title='bbox 1624 982 1716 1019; x_wconf 82' lang='lat' dir='ltr'><strong>our</strong></span> <span class='ocrx_word' id='word_1_53' title='bbox 1743 968 1938 1031; x_wconf 66' lang='lat' dir='ltr'><strong>mety.</strong></span> 
     </span>
    </p>
   </div>
   <div class='ocr_carea' id='block_1_8' title="bbox 493 1097 2577 3136">
    <p class='ocr_par' dir='ltr' id='par_1_8' title="bbox 494 1097 2576 2542">
     <span class='ocr_line' id='line_1_12' title="bbox 579 1097 2569 1173; baseline -0.001 -16"><span class='ocrx_word' id='word_1_54' title='bbox 579 1101 718 1157; x_wconf 95' lang='lat' dir='ltr'><strong>VII.</strong></span> <span class='ocrx_word' id='word_1_55' title='bbox 778 1100 954 1158; x_wconf 87' lang='lat' dir='ltr'><strong>Nunc</strong></span> <span class='ocrx_word' id='word_1_56' title='bbox 983 1098 1157 1157; x_wconf 70' lang='lat' dir='ltr'><strong>venio</strong></span> <span class='ocrx_word' id='word_1_57' title='bbox 1185 1098 1263 1156; x_wconf 86' lang='lat' dir='ltr'><strong>ad</strong></span> <span class='ocrx_word' id='word_1_58' title='bbox 1291 1097 1692 1173; x_wconf 87' lang='lat' dir='ltr'><strong>gravissimam</strong></span> <span class='ocrx_word' id='word_1_59' title='bbox 1725 1098 2046 1173; x_wconf 86' lang='lat' dir='ltr'><strong>querellam</strong></span> <span class='ocrx_word' id='word_1_60' title='bbox 2079 1107 2140 1156; x_wconf 88' lang='lat' dir='ltr'><strong>et</strong></span> <span class='ocrx_word' id='word_1_61' title='bbox 2176 1098 2569 1157; x_wconf 75' lang='lat' dir='ltr'><strong>atrocissimam</strong></span> 
     </span>
     <span class='ocr_line' id='line_1_13' title="bbox 499 1195 2571 1273; baseline -0.002 -18"><span class='ocrx_word' id='word_1_62' title='bbox 499 1198 895 1273; x_wconf 72' lang='lat' dir='ltr'><strong>suspicionem</strong></span> <span class='ocrx_word' id='word_1_63' title='bbox 926 1207 1104 1268; x_wconf 88' lang='lat' dir='ltr'><strong>tuam,</strong></span> <span class='ocrx_word' id='word_1_64' title='bbox 1128 1213 1280 1271; x_wconf 92' lang='lat' dir='ltr'><strong>quae</strong></span> <span class='ocrx_word' id='word_1_65' title='bbox 1310 1201 1430 1253; x_wconf 71' lang='lat' dir='ltr'><strong>non</strong></span> <span class='ocrx_word' id='word_1_66' title='bbox 1461 1195 1566 1253; x_wconf 92' lang='lat' dir='ltr'><strong>tibi</strong></span> <span class='ocrx_word' id='word_1_67' title='bbox 1599 1196 1709 1271; x_wconf 80' lang='lat' dir='ltr'><strong>ipsi</strong></span> <span class='ocrx_word' id='word_1_68' title='bbox 1741 1196 1925 1271; x_wconf 89' lang='lat' dir='ltr'><strong>magis</strong></span> <span class='ocrx_word' id='word_1_69' title='bbox 1954 1214 2131 1270; x_wconf 89' lang='lat' dir='ltr'><strong>quam</strong></span> <span class='ocrx_word' id='word_1_70' title='bbox 2163 1214 2302 1253; x_wconf 89' lang='lat' dir='ltr'><strong>cum</strong></span> <span class='ocrx_word' id='word_1_71' title='bbox 2333 1196 2571 1254; x_wconf 90' lang='lat' dir='ltr'><strong>omnibus</strong></span> 
     </span>
     <span class='ocr_line' id='line_1_14' title="bbox 498 1293 2569 1369; baseline -0 -18"><span class='ocrx_word' id='word_1_72' title='bbox 498 1296 740 1366; x_wconf 80' lang='lat' dir='ltr'><strong>civibuS,</strong></span> <span class='ocrx_word' id='word_1_73' title='bbox 784 1305 907 1352; x_wconf 89' lang='lat' dir='ltr'><strong>tum</strong></span> <span class='ocrx_word' id='word_1_74' title='bbox 952 1295 1208 1352; x_wconf 67' lang='lat' dir='ltr'><strong>maxime</strong></span> <span class='ocrx_word' id='word_1_75' title='bbox 1251 1293 1419 1352; x_wconf 70' lang='lat' dir='ltr'><strong>nobis</strong></span> <span class='ocrx_word' id='word_1_76' title='bbox 1458 1300 1562 1369; x_wconf 80' lang='lat' dir='ltr'><strong>qui</strong></span> <span class='ocrx_word' id='word_1_77' title='bbox 1601 1299 1637 1351; x_wconf 79' lang='grc' dir='ltr'><strong>εἶ</strong></span> <span class='ocrx_word' id='word_1_78' title='bbox 1680 1298 1740 1352; x_wconf 66' lang='lat' dir='ltr'><strong>te</strong></span> <span class='ocrx_word' id='word_1_79' title='bbox 1785 1297 2115 1351; x_wconf 69' lang='lat' dir='ltr'><strong>conservati</strong></span> <span class='ocrx_word' id='word_1_80' title='bbox 2158 1312 2377 1364; x_wconf 80' lang='lat' dir='ltr'><strong>sumuS,</strong></span> <span class='ocrx_word' id='word_1_81' title='bbox 2416 1295 2569 1369; x_wconf 69' lang='lat' dir='ltr'><strong>provi·</strong></span> 
     </span>
     <span class='ocr_line' id='line_1_15' title="bbox 498 1390 2572 1467; baseline -0.001 -18"><span class='ocrx_word' id='word_1_82' title='bbox 498 1392 699 1450; x_wconf 88' lang='lat' dir='ltr'><strong>denda</strong></span> <span class='ocrx_word' id='word_1_83' title='bbox 754 1402 842 1450; x_wconf 88' lang='lat' dir='ltr'><strong>est</strong></span> <span class='ocrx_word' id='word_1_84' title='bbox 864 1413 881 1465; x_wconf 82' lang='lat'>3</span> <span class='ocrx_word' id='word_1_85' title='bbox 928 1410 1131 1467; x_wconf 49' lang='lat' dir='ltr'><strong>¹quam</strong></span> <span class='ocrx_word' id='word_1_86' title='bbox 1187 1398 1297 1449; x_wconf 81' lang='lat' dir='ltr'><strong>etsi</strong></span> <span class='ocrx_word' id='word_1_87' title='bbox 1345 1396 1519 1466; x_wconf 67' lang='lat' dir='ltr'><strong>spero</strong></span> <span class='ocrx_word' id='word_1_88' title='bbox 1569 1390 1772 1449; x_wconf 85' lang='lat' dir='ltr'><strong>falsam</strong></span> <span class='ocrx_word' id='word_1_89' title='bbox 1825 1409 1973 1463; x_wconf 87' lang='lat' dir='ltr'><strong>esse,</strong></span> <span class='ocrx_word' id='word_1_90' title='bbox 2027 1400 2230 1448; x_wconf 92' lang='lat' dir='ltr'><strong>tamen</strong></span> <span class='ocrx_word' id='word_1_91' title='bbox 2281 1409 2572 1466; x_wconf 87' lang='lat' dir='ltr'>numquam</span> 
     </span>
     <span class='ocr_line' id='line_1_16' title="bbox 498 1489 2572 1559; baseline 0 -13"><span class='ocrx_word' id='word_1_92' title='bbox 498 1491 830 1548; x_wconf 67' lang='lat' dir='ltr'><strong>extenuabo</strong></span> <span class='ocrx_word' id='word_1_93' title='bbox 859 1491 1069 1548; x_wconf 79' lang='lat' dir='ltr'><strong>verbIS.</strong></span> <span class='ocrx_word' id='word_1_94' title='bbox 1149 1490 1280 1547; x_wconf 92' lang='lat' dir='ltr'><strong>Tua</strong></span> <span class='ocrx_word' id='word_1_95' title='bbox 1309 1490 1467 1547; x_wconf 91' lang='lat' dir='ltr'><strong>enim</strong></span> <span class='ocrx_word' id='word_1_96' title='bbox 1498 1489 1695 1548; x_wconf 70' lang='lat' dir='ltr'><strong>cautio</strong></span> <span class='ocrx_word' id='word_1_97' title='bbox 1734 1500 1931 1547; x_wconf 89' lang='lat' dir='ltr'><strong>nostra</strong></span> <span class='ocrx_word' id='word_1_98' title='bbox 1970 1489 2166 1546; x_wconf 72' lang='lat' dir='ltr'><strong>cautio</strong></span> <span class='ocrx_word' id='word_1_99' title='bbox 2209 1500 2315 1559; x_wconf 90' lang='lat' dir='ltr'><strong>est,</strong></span> <span class='ocrx_word' id='word_1_100' title='bbox 2348 1499 2413 1546; x_wconf 92' lang='lat' dir='ltr'><strong>ut</strong></span> <span class='ocrx_word' id='word_1_101' title='bbox 2452 1496 2494 1546; x_wconf 88' lang='lat' dir='ltr'><strong>si</strong></span> <span class='ocrx_word' id='word_1_102' title='bbox 2528 1490 2572 1545; x_wconf 89' lang='lat' dir='ltr'><strong>in</strong></span> 
     </span>
     <span class='ocr_line' id='line_1_17' title="bbox 496 1586 2572 1663; baseline -0.001 -19"><span class='ocrx_word' id='word_1_103' title='bbox 496 1588 776 1645; x_wconf 69' lang='lat' dir='ltr'><strong>alterutro</strong></span> <span class='ocrx_word' id='word_1_104' title='bbox 832 1588 1203 1663; x_wconf 87' lang='lat' dir='ltr'><strong>peccandum</strong></span> <span class='ocrx_word' id='word_1_105' title='bbox 1260 1587 1352 1659; x_wconf 89' lang='lat' dir='ltr'><strong>sit,</strong></span> <span class='ocrx_word' id='word_1_106' title='bbox 1403 1587 1603 1644; x_wconf 69' lang='lat' dir='ltr'><strong>malim</strong></span> <span class='ocrx_word' id='word_1_107' title='bbox 1655 1587 1842 1645; x_wconf 68' lang='lat' dir='ltr'><strong>videri</strong></span> <span class='ocrx_word' id='word_1_108' title='bbox 1899 1587 2072 1644; x_wconf 87' lang='lat' dir='ltr'><strong>nimis</strong></span> <span class='ocrx_word' id='word_1_109' title='bbox 2129 1586 2370 1644; x_wconf 89' lang='lat' dir='ltr'><strong>timidus</strong></span> <span class='ocrx_word' id='word_1_110' title='bbox 2424 1604 2572 1661; x_wconf 90' lang='lat' dir='ltr'><strong>quam</strong></span> 
     </span>
     <span class='ocr_line' id='line_1_18' title="bbox 497 1685 2570 1761; baseline 0 -20"><span class='ocrx_word' id='word_1_111' title='bbox 497 1704 704 1760; x_wconf 89' lang='lat' dir='ltr'><strong>parum</strong></span> <span class='ocrx_word' id='word_1_112' title='bbox 735 1686 1012 1761; x_wconf 67' lang='lat' dir='ltr'><strong>prudens,</strong></span> <span class='ocrx_word' id='word_1_113' title='bbox 1096 1685 1212 1743; x_wconf 90' lang='lat' dir='ltr'><strong>Sed</strong></span> <span class='ocrx_word' id='word_1_114' title='bbox 1244 1685 1513 1759; x_wconf 90' lang='lat' dir='ltr'><strong>quisnam</strong></span> <span class='ocrx_word' id='word_1_115' title='bbox 1552 1696 1640 1743; x_wconf 89' lang='lat' dir='ltr'><strong>est</strong></span> <span class='ocrx_word' id='word_1_116' title='bbox 1672 1686 1780 1743; x_wconf 89' lang='lat' dir='ltr'><strong>iste</strong></span> <span class='ocrx_word' id='word_1_117' title='bbox 1822 1696 1943 1744; x_wconf 91' lang='lat' dir='ltr'><strong>tam</strong></span> <span class='ocrx_word' id='word_1_118' title='bbox 1973 1685 2261 1743; x_wconf 68' lang='lat' dir='ltr'><strong>dEmens?</strong></span> <span class='ocrx_word' id='word_1_119' title='bbox 2315 1686 2433 1743; x_wconf 69' lang='lat' dir='ltr'><strong>De</strong></span> <span class='ocrx_word' id='word_1_120' title='bbox 2460 1691 2570 1741; x_wconf 83' lang='lat' dir='ltr'><strong>tuis-</strong></span> 
     </span>
     <span class='ocr_line' id='line_1_19' title="bbox 498 1782 2572 1858; baseline -0.001 -19"><span class='ocrx_word' id='word_1_121' title='bbox 498 1785 961 1841; x_wconf 84' lang='lat' dir='ltr'><strong>ne?—tametsi</strong></span> <span class='ocrx_word' id='word_1_122' title='bbox 1010 1790 1111 1857; x_wconf 80' lang='lat' dir='ltr'><strong>qui</strong></span> <span class='ocrx_word' id='word_1_123' title='bbox 1161 1783 1344 1857; x_wconf 87' lang='lat' dir='ltr'><strong>magis</strong></span> <span class='ocrx_word' id='word_1_124' title='bbox 1400 1792 1534 1840; x_wconf 89' lang='lat' dir='ltr'><strong>sunt</strong></span> <span class='ocrx_word' id='word_1_125' title='bbox 1590 1789 1674 1840; x_wconf 81' lang='lat' dir='ltr'><strong>tui</strong></span> <span class='ocrx_word' id='word_1_126' title='bbox 1728 1801 1907 1858; x_wconf 86' lang='lat' dir='ltr'><strong>quam</strong></span> <span class='ocrx_word' id='word_1_127' title='bbox 1966 1782 2177 1857; x_wconf 91' lang='lat' dir='ltr'><strong>quibus</strong></span> <span class='ocrx_word' id='word_1_128' title='bbox 2234 1787 2296 1840; x_wconf 74' lang='lat' dir='ltr'><strong>tu</strong></span> <span class='ocrx_word' id='word_1_129' title='bbox 2356 1784 2572 1840; x_wconf 70' lang='lat' dir='ltr'><strong>salutern</strong></span> 
     </span>
     <span class='ocr_line' id='line_1_20' title="bbox 494 1879 2570 1957; baseline 0 -20"><span class='ocrx_word' id='word_1_130' title='bbox 494 1881 926 1955; x_wconf 66' lang='lat' dir='ltr'><strong>inspErantibus</strong></span> <span class='ocrx_word' id='word_1_131' title='bbox 961 1879 1504 1938; x_wconf 81' lang='lat' dir='ltr'><strong>reddidisti?—an</strong></span> <span class='ocrx_word' id='word_1_132' title='bbox 1548 1897 1622 1937; x_wconf 89' lang='lat' dir='ltr'><strong>ex</strong></span> <span class='ocrx_word' id='word_1_133' title='bbox 1657 1879 1773 1938; x_wconf 70' lang='lat' dir='ltr'><strong>hoc</strong></span> <span class='ocrx_word' id='word_1_134' title='bbox 1816 1886 2065 1939; x_wconf 72' lang='lat' dir='ltr'><strong>numero</strong></span> <span class='ocrx_word' id='word_1_135' title='bbox 2095 1889 2197 1957; x_wconf 84' lang='lat' dir='ltr'><strong>qui</strong></span> <span class='ocrx_word' id='word_1_136' title='bbox 2239 1887 2359 1939; x_wconf 65' lang='lat' dir='ltr'><strong>flua</strong></span> <span class='ocrx_word' id='word_1_137' title='bbox 2400 1887 2570 1940; x_wconf 67' lang='lat' dir='ltr'><strong>tecum</strong></span> 
     </span>
     <span class='ocr_line' id='line_1_21' title="bbox 497 1978 2572 2055; baseline 0 -20"><span class='ocrx_word' id='word_1_138' title='bbox 497 1978 769 2036; x_wconf 64' lang='lat' dir='ltr'><strong>fuerunt?</strong></span> <span class='ocrx_word' id='word_1_139' title='bbox 851 1979 992 2036; x_wconf 72' lang='lat' dir='ltr'><strong>Non</strong></span> <span class='ocrx_word' id='word_1_140' title='bbox 1034 1989 1122 2036; x_wconf 90' lang='lat' dir='ltr'><strong>est</strong></span> <span class='ocrx_word' id='word_1_141' title='bbox 1165 1978 1461 2036; x_wconf 66' lang='lat' dir='ltr'><strong>credibilis</strong></span> <span class='ocrx_word' id='word_1_142' title='bbox 1505 1987 1698 2036; x_wconf 89' lang='lat' dir='ltr'><strong>tantus</strong></span> <span class='ocrx_word' id='word_1_143' title='bbox 1741 1978 1802 2036; x_wconf 91' lang='lat' dir='ltr'><strong>in</strong></span> <span class='ocrx_word' id='word_1_144' title='bbox 1838 1979 1957 2036; x_wconf 69' lang='lat' dir='ltr'><strong>fillo</strong></span> <span class='ocrx_word' id='word_1_145' title='bbox 1998 1979 2156 2037; x_wconf 90' lang='lat' dir='ltr'><strong>furor</strong></span> <span class='ocrx_word' id='word_1_146' title='bbox 2193 1990 2257 2038; x_wconf 91' lang='lat' dir='ltr'><strong>ut</strong></span> <span class='ocrx_word' id='word_1_147' title='bbox 2295 1986 2416 2055; x_wconf 73' lang='lat' dir='ltr'><strong>qut’)</strong></span> <span class='ocrx_word' id='word_1_148' title='bbox 2444 1981 2572 2037; x_wconf 89' lang='lat' dir='ltr'><strong>duce</strong></span> 
     </span>
     <span class='ocr_line' id='line_1_22' title="bbox 496 2076 2573 2161; baseline 0.001 -28"><span class='ocrx_word' id='word_1_149' title='bbox 496 2077 697 2134; x_wconf 88' lang='lat' dir='ltr'><strong>omnia</strong></span> <span class='ocrx_word' id='word_1_150' title='bbox 746 2096 974 2135; x_wconf 88' lang='lat' dir='ltr'><strong>summa</strong></span> <span class='ocrx_word' id='word_1_151' title='bbox 1023 2077 1095 2134; x_wconf 90' lang='lat' dir='ltr'><strong>sit</strong></span> <span class='ocrx_word' id='word_1_152' title='bbox 1141 2076 1408 2152; x_wconf 81' lang='lat' dir='ltr'><strong>adeptuS,</strong></span> <span class='ocrx_word' id='word_1_153' title='bbox 1456 2076 1626 2135; x_wconf 72' lang='lat' dir='ltr'><strong>huius</strong></span> <span class='ocrx_word' id='word_1_154' title='bbox 1672 2084 1853 2135; x_wconf 84' lang='lat' dir='ltr'><strong>vitam</strong></span> <span class='ocrx_word' id='word_1_155' title='bbox 1903 2083 2024 2161; x_wconf 73' lang='lat' dir='ltr'><strong>nc&#39;m</strong></span> <span class='ocrx_word' id='word_1_156' title='bbox 2072 2085 2398 2156; x_wconf 70' lang='lat' dir='ltr'><strong>anteponat</strong></span> <span class='ocrx_word' id='word_1_157' title='bbox 2441 2100 2573 2139; x_wconf 82' lang='lat' dir='ltr'><strong>suae.</strong></span> 
     </span>
     <span class='ocr_line' id='line_1_23' title="bbox 498 2174 2576 2252; baseline 0.001 -20"><span class='ocrx_word' id='word_1_158' title='bbox 498 2179 589 2232; x_wconf 92' lang='lat' dir='ltr'><strong>An</strong></span> <span class='ocrx_word' id='word_1_159' title='bbox 618 2182 666 2232; x_wconf 78' lang='lat' dir='ltr'><strong>si</strong></span> <span class='ocrx_word' id='word_1_160' title='bbox 694 2175 837 2233; x_wconf 90' lang='lat' dir='ltr'>nihil</span> <span class='ocrx_word' id='word_1_161' title='bbox 866 2182 949 2232; x_wconf 79' lang='lat' dir='ltr'><strong>tui</strong></span> <span class='ocrx_word' id='word_1_162' title='bbox 978 2175 1240 2249; x_wconf 74' lang='lat' dir='ltr'><strong>cogitant</strong></span> <span class='ocrx_word' id='word_1_163' title='bbox 1270 2175 1523 2246; x_wconf 83' lang='lat' dir='ltr'><strong>sceleriS‚</strong></span> <span class='ocrx_word' id='word_1_164' title='bbox 1555 2174 1884 2233; x_wconf 89' lang='lat' dir='ltr'><strong>cavendum</strong></span> <span class='ocrx_word' id='word_1_165' title='bbox 1917 2187 2004 2238; x_wconf 87' lang='lat' dir='ltr'><strong>est</strong></span> <span class='ocrx_word' id='word_1_166' title='bbox 2035 2182 2111 2235; x_wconf 64' lang='lat' dir='ltr'><strong>ne</strong></span> <span class='ocrx_word' id='word_1_167' title='bbox 2148 2177 2292 2252; x_wconf 92' lang='lat' dir='ltr'><strong>quid</strong></span> <span class='ocrx_word' id='word_1_168' title='bbox 2338 2179 2576 2236; x_wconf 79' lang='lat' dir='ltr'><strong>inimici?</strong></span> 
     </span>
     <span class='ocr_line' id='line_1_24' title="bbox 495 2272 2573 2349; baseline 0.003 -20"><span class='ocrx_word' id='word_1_169' title='bbox 495 2272 656 2344; x_wconf 80' lang='lat' dir='ltr'><strong>Qui?</strong></span> <span class='ocrx_word' id='word_1_170' title='bbox 729 2272 956 2332; x_wconf 65' lang='lat' dir='ltr'><strong>Omnes</strong></span> <span class='ocrx_word' id='word_1_171' title='bbox 985 2273 1145 2329; x_wconf 88' lang='lat' dir='ltr'><strong>enim</strong></span> <span class='ocrx_word' id='word_1_172' title='bbox 1174 2279 1276 2347; x_wconf 75' lang='lat' dir='ltr'><strong>qui</strong></span> <span class='ocrx_word' id='word_1_173' title='bbox 1304 2273 1537 2331; x_wconf 66' lang='lat' dir='ltr'><strong>fuerunt</strong></span> <span class='ocrx_word' id='word_1_174' title='bbox 1567 2283 1667 2330; x_wconf 91' lang='lat' dir='ltr'><strong>aut</strong></span> <span class='ocrx_word' id='word_1_175' title='bbox 1696 2279 1800 2331; x_wconf 68' lang='lat' dir='ltr'><strong>sua</strong></span> <span class='ocrx_word' id='word_1_176' title='bbox 1830 2275 2155 2349; x_wconf 65' lang='lat' dir='ltr'><strong>pertinacia</strong></span> <span class='ocrx_word' id='word_1_177' title='bbox 2181 2282 2360 2334; x_wconf 79' lang='lat' dir='ltr'><strong>vitam</strong></span> <span class='ocrx_word' id='word_1_178' title='bbox 2391 2281 2573 2335; x_wconf 66' lang='lat' dir='ltr'><strong>amise-</strong></span> 
     </span>
     <span class='ocr_line' id='line_1_25' title="bbox 495 2369 2576 2452; baseline 0.003 -26"><span class='ocrx_word' id='word_1_179' title='bbox 495 2380 628 2427; x_wconf 90' lang='lat' dir='ltr'><strong>runt</strong></span> <span class='ocrx_word' id='word_1_180' title='bbox 669 2380 769 2427; x_wconf 86' lang='lat' dir='ltr'><strong>aut</strong></span> <span class='ocrx_word' id='word_1_181' title='bbox 815 2375 913 2427; x_wconf 66' lang='lat' dir='ltr'><strong>tua</strong></span> <span class='ocrx_word' id='word_1_182' title='bbox 947 2369 1346 2452; x_wconf 73' lang='lat' dir='ltr'><strong>misericordia</strong></span> <span class='ocrx_word' id='word_1_183' title='bbox 1383 2371 1765 2444; x_wconf 67' lang='lat' dir='ltr'><strong>retinuerunt,</strong></span> <span class='ocrx_word' id='word_1_184' title='bbox 1800 2383 1864 2431; x_wconf 88' lang='lat' dir='ltr'><strong>ut</strong></span> <span class='ocrx_word' id='word_1_185' title='bbox 1894 2384 1995 2431; x_wconf 90' lang='lat' dir='ltr'><strong>aut</strong></span> <span class='ocrx_word' id='word_1_186' title='bbox 2025 2374 2169 2433; x_wconf 73' lang='lat' dir='ltr'><strong>nulli</strong></span> <span class='ocrx_word' id='word_1_187' title='bbox 2200 2377 2490 2452; x_wconf 86' lang='lat' dir='ltr'><strong>supersint</strong></span> <span class='ocrx_word' id='word_1_188' title='bbox 2515 2376 2576 2434; x_wconf 67' lang='lat' dir='ltr'><strong>de</strong></span> 
     </span>
     <span class='ocr_line' id='line_1_26' title="bbox 495 2467 1790 2542; baseline 0.004 -19"><span class='ocrx_word' id='word_1_189' title='bbox 495 2467 745 2524; x_wconf 79' lang='lat' dir='ltr'><strong>inimicis</strong></span> <span class='ocrx_word' id='word_1_190' title='bbox 774 2477 873 2524; x_wconf 92' lang='lat' dir='ltr'><strong>aut</strong></span> <span class='ocrx_word' id='word_1_191' title='bbox 901 2474 1003 2542; x_wconf 79' lang='lat' dir='ltr'><strong>qui</strong></span> <span class='ocrx_word' id='word_1_192' title='bbox 1031 2467 1259 2525; x_wconf 67' lang='lat' dir='ltr'><strong>fuerunt</strong></span> <span class='ocrx_word' id='word_1_193' title='bbox 1289 2468 1406 2526; x_wconf 90' lang='lat' dir='ltr'><strong>sint</strong></span> <span class='ocrx_word' id='word_1_194' title='bbox 1433 2469 1790 2529; x_wconf 75' lang='lat' dir='ltr'>amicissimi,</span> 
     </span>
    </p>

    <p class='ocr_par' dir='ltr' id='par_1_9' title="bbox 493 2564 2577 3136">
     <span class='ocr_line' id='line_1_27' title="bbox 575 2564 2576 2631; baseline 0.002 -8"><span class='ocrx_word' id='word_1_195' title='bbox 575 2564 692 2623; x_wconf 88' lang='lat' dir='ltr'><strong>Sed</strong></span> <span class='ocrx_word' id='word_1_196' title='bbox 723 2575 921 2623; x_wconf 91' lang='lat' dir='ltr'><strong>tamen</strong></span> <span class='ocrx_word' id='word_1_197' title='bbox 956 2584 1092 2623; x_wconf 89' lang='lat' dir='ltr'><strong>cum</strong></span> <span class='ocrx_word' id='word_1_198' title='bbox 1128 2566 1188 2622; x_wconf 93' lang='lat' dir='ltr'><strong>in</strong></span> <span class='ocrx_word' id='word_1_199' title='bbox 1231 2566 1440 2624; x_wconf 81' lang='lat' dir='ltr'><strong>animis</strong></span> <span class='ocrx_word' id='word_1_200' title='bbox 1484 2566 1789 2625; x_wconf 90' lang='lat' dir='ltr'><strong>hominum</strong></span> <span class='ocrx_word' id='word_1_201' title='bbox 1837 2578 2033 2629; x_wconf 88' lang='lat' dir='ltr'><strong>tantae</strong></span> <span class='ocrx_word' id='word_1_202' title='bbox 2079 2570 2338 2630; x_wconf 90' lang='lat' dir='ltr'><strong>latebrae</strong></span> <span class='ocrx_word' id='word_1_203' title='bbox 2380 2573 2492 2631; x_wconf 90' lang='lat' dir='ltr'><strong>sint</strong></span> <span class='ocrx_word' id='word_1_204' title='bbox 2528 2582 2576 2629; x_wconf 88' lang='lat' dir='ltr'><strong>et</strong></span> 
     </span>
     <span class='ocr_line' id='line_1_28' title="bbox 494 2665 2576 2742; baseline 0.003 -22"><span class='ocrx_word' id='word_1_205' title='bbox 494 2670 643 2721; x_wconf 83' lang='lat' dir='ltr'><strong>tanti</strong></span> <span class='ocrx_word' id='word_1_206' title='bbox 684 2668 962 2733; x_wconf 76' lang='lat' dir='ltr'><strong>recess1&#39;18,</strong></span> <span class='ocrx_word' id='word_1_207' title='bbox 993 2669 1308 2738; x_wconf 66' lang='lat' dir='ltr'><strong>augeamus</strong></span> <span class='ocrx_word' id='word_1_208' title='bbox 1350 2670 1493 2723; x_wconf 66' lang='lat' dir='ltr'><strong>sane</strong></span> <span class='ocrx_word' id='word_1_209' title='bbox 1536 2665 1934 2740; x_wconf 70' lang='lat' dir='ltr'><strong>suspicionem</strong></span> <span class='ocrx_word' id='word_1_210' title='bbox 1976 2678 2176 2742; x_wconf 82' lang='lat' dir='ltr'><strong>tuam3</strong></span> <span class='ocrx_word' id='word_1_211' title='bbox 2236 2669 2403 2727; x_wconf 89' lang='lat' dir='ltr'><strong>simul</strong></span> <span class='ocrx_word' id='word_1_212' title='bbox 2434 2670 2576 2727; x_wconf 90' lang='lat' dir='ltr'><strong>enim</strong></span> 
     </span>
     <span class='ocr_line' id='line_1_29' title="bbox 493 2761 2577 2843; baseline 0.004 -25"><span class='ocrx_word' id='word_1_213' title='bbox 493 2762 836 2837; x_wconf 67' lang='lat' dir='ltr'><strong>augEbimus</strong></span> <span class='ocrx_word' id='word_1_214' title='bbox 879 2761 1260 2835; x_wconf 81' lang='lat' dir='ltr'><strong>diligentiam.</strong></span> <span class='ocrx_word' id='word_1_215' title='bbox 1368 2763 1525 2821; x_wconf 91' lang='lat' dir='ltr'><strong>Nam</strong></span> <span class='ocrx_word' id='word_1_216' title='bbox 1570 2763 1702 2839; x_wconf 87' lang='lat' dir='ltr'><strong>quis</strong></span> <span class='ocrx_word' id='word_1_217' title='bbox 1745 2775 1835 2824; x_wconf 84' lang='lat' dir='ltr'><strong>est</strong></span> <span class='ocrx_word' id='word_1_218' title='bbox 1879 2767 2142 2825; x_wconf 90' lang='lat' dir='ltr'><strong>omnium</strong></span> <span class='ocrx_word' id='word_1_219' title='bbox 2196 2777 2316 2826; x_wconf 90' lang='lat' dir='ltr'><strong>tam</strong></span> <span class='ocrx_word' id='word_1_220' title='bbox 2365 2773 2577 2843; x_wconf 67' lang='lat' dir='ltr'><strong>ignarus</strong></span> 
     </span>
     <span class='ocr_line' id='line_1_30' title="bbox 494 2857 2577 2939; baseline 0.003 -23"><span class='ocrx_word' id='word_1_221' title='bbox 494 2864 707 2929; x_wconf 68' lang='lat' dir='ltr'><strong>rerum,</strong></span> <span class='ocrx_word' id='word_1_222' title='bbox 738 2870 856 2917; x_wconf 91' lang='lat' dir='ltr'><strong>tam</strong></span> <span class='ocrx_word' id='word_1_223' title='bbox 903 2857 1061 2915; x_wconf 89' lang='lat' dir='ltr'><strong>rudis</strong></span> <span class='ocrx_word' id='word_1_224' title='bbox 1103 2859 1162 2916; x_wconf 91' lang='lat' dir='ltr'><strong>in</strong></span> <span class='ocrx_word' id='word_1_225' title='bbox 1208 2865 1271 2918; x_wconf 66' lang='lat' dir='ltr'><strong>re</strong></span> <span class='ocrx_word' id='word_1_226' title='bbox 1313 2861 1566 2937; x_wconf 69' lang='lat' dir='ltr'><strong>publica,</strong></span> <span class='ocrx_word' id='word_1_227' title='bbox 1600 2874 1722 2921; x_wconf 88' lang='lat' dir='ltr'><strong>tam</strong></span> <span class='ocrx_word' id='word_1_228' title='bbox 1760 2863 1904 2921; x_wconf 90' lang='lat' dir='ltr'><strong>nihil</strong></span> <span class='ocrx_word' id='word_1_229' title='bbox 1934 2882 2216 2939; x_wconf 89' lang='lat' dir='ltr'><strong>umquam</strong></span> <span class='ocrx_word' id='word_1_230' title='bbox 2246 2884 2359 2924; x_wconf 87' lang='lat' dir='ltr'><strong>nec</strong></span> <span class='ocrx_word' id='word_1_231' title='bbox 2388 2865 2462 2923; x_wconf 69' lang='lat' dir='ltr'><strong>de</strong></span> <span class='ocrx_word' id='word_1_232' title='bbox 2487 2869 2577 2923; x_wconf 67' lang='lat' dir='ltr'><strong>sui</strong></span> 
     </span>
     <span class='ocr_line' id='line_1_31' title="bbox 493 2957 2576 3038; baseline 0.002 -25"><span class='ocrx_word' id='word_1_233' title='bbox 493 2975 605 3014; x_wconf 87' lang='lat' dir='ltr'><strong>nec</strong></span> <span class='ocrx_word' id='word_1_234' title='bbox 636 2957 713 3014; x_wconf 66' lang='lat' dir='ltr'><strong>de</strong></span> <span class='ocrx_word' id='word_1_235' title='bbox 742 2960 1045 3013; x_wconf 71' lang='lat' dir='ltr'><strong>communi</strong></span> <span class='ocrx_word' id='word_1_236' title='bbox 1075 2957 1258 3015; x_wconf 63' lang='lat' dir='ltr'><strong>sah-ite</strong></span> <span class='ocrx_word' id='word_1_237' title='bbox 1306 2959 1572 3033; x_wconf 68' lang='lat' dir='ltr'><strong>cogitans</strong></span> <span class='ocrx_word' id='word_1_238' title='bbox 1618 2967 1719 3035; x_wconf 85' lang='lat' dir='ltr'><strong>qui</strong></span> <span class='ocrx_word' id='word_1_239' title='bbox 1763 2966 1881 3019; x_wconf 72' lang='lat' dir='ltr'><strong>non</strong></span> <span class='ocrx_word' id='word_1_240' title='bbox 1926 2961 2230 3038; x_wconf 88' lang='lat' dir='ltr'><strong>intellegat</strong></span> <span class='ocrx_word' id='word_1_241' title='bbox 2273 2969 2371 3021; x_wconf 67' lang='lat' dir='ltr'><strong>tua</strong></span> <span class='ocrx_word' id='word_1_242' title='bbox 2411 2961 2576 3021; x_wconf 67' lang='lat' dir='ltr'><strong>salute</strong></span> 
     </span>
     <span class='ocr_line' id='line_1_32' title="bbox 495 3055 2574 3136; baseline 0.004 -25"><span class='ocrx_word' id='word_1_243' title='bbox 495 3055 783 3111; x_wconf 68' lang='lat' dir='ltr'><strong>contineri</strong></span> <span class='ocrx_word' id='word_1_244' title='bbox 826 3072 992 3111; x_wconf 89' lang='lat' dir='ltr'><strong>suam</strong></span> <span class='ocrx_word' id='word_1_245' title='bbox 1036 3063 1095 3111; x_wconf 87' lang='lat' dir='ltr'><strong>et</strong></span> <span class='ocrx_word' id='word_1_246' title='bbox 1139 3073 1213 3112; x_wconf 86' lang='lat' dir='ltr'><strong>ex</strong></span> <span class='ocrx_word' id='word_1_247' title='bbox 1247 3060 1419 3114; x_wconf 68' lang='lat' dir='ltr'><strong>nnius</strong></span> <span class='ocrx_word' id='word_1_248' title='bbox 1455 3062 1555 3114; x_wconf 66' lang='lat' dir='ltr'><strong>tua</strong></span> <span class='ocrx_word' id='word_1_249' title='bbox 1582 3064 1701 3116; x_wconf 70' lang='lat' dir='ltr'><strong>vita</strong></span> <span class='ocrx_word' id='word_1_250' title='bbox 1729 3059 1992 3133; x_wconf 67' lang='lat' dir='ltr'><strong>pendere</strong></span> <span class='ocrx_word' id='word_1_251' title='bbox 2023 3061 2332 3119; x_wconf 82' lang='lat' dir='ltr'><strong>omnium?</strong></span> <span class='ocrx_word' id='word_1_252' title='bbox 2414 3059 2574 3136; x_wconf 92' lang='lat' dir='ltr'><strong>Equi·</strong></span> 
     </span>
    </p>
   </div>
   <div class='ocr_carea' id='block_1_9' title="bbox 492 3224 2575 3670">
    <p class='ocr_par' dir='ltr' id='par_1_10' title="bbox 492 3224 2575 3670">
     <span class='ocr_line' id='line_1_33' title="bbox 584 3224 2575 3296; baseline 0.002 -23"><span class='ocrx_word' id='word_1_253' title='bbox 584 3237 624 3273; x_wconf 90' lang='lat'><strong>1.</strong></span> <span class='ocrx_word' id='word_1_254' title='bbox 655 3224 1002 3283; x_wconf 78' lang='lat' dir='ltr'><strong>opinione..</strong></span> <span class='ocrx_word' id='word_1_255' title='bbox 1026 3263 1036 3275; x_wconf 95' lang='lat'><strong>.</strong></span> <span class='ocrx_word' id='word_1_256' title='bbox 1058 3225 1348 3276; x_wconf 70' lang='lat' dir='ltr'><strong>fortasse:</strong></span> <span class='ocrx_word' id='word_1_257' title='bbox 1387 3227 1532 3292; x_wconf 74' lang='lat' dir='ltr'><strong>stom</strong></span> <span class='ocrx_word' id='word_1_258' title='bbox 1568 3244 1601 3275; x_wconf 89' lang='lat' dir='ltr'><em>a</em></span> <span class='ocrx_word' id='word_1_259' title='bbox 1638 3230 1921 3293; x_wconf 81' lang='lat' dir='ltr'><strong>conception</strong></span> <span class='ocrx_word' id='word_1_260' title='bbox 1957 3231 2023 3296; x_wconf 87' lang='lat' dir='ltr'><strong>os</strong></span> <span class='ocrx_word' id='word_1_261' title='bbox 2039 3230 2177 3293; x_wconf 66' lang='lat' dir='ltr'><strong>duty,</strong></span> <span class='ocrx_word' id='word_1_262' title='bbox 2204 3232 2336 3296; x_wconf 84' lang='lat' dir='ltr'><strong>salse</strong></span> <span class='ocrx_word' id='word_1_263' title='bbox 2360 3231 2575 3296; x_wconf 81' lang='lat' dir='ltr'><strong>perhaps.</strong></span> 
     </span>
     <span class='ocr_line' id='line_1_34' title="bbox 500 3299 2573 3367; baseline 0.002 -20"><span class='ocrx_word' id='word_1_264' title='bbox 500 3312 574 3348; x_wconf 93' lang='lat'><strong>10.</strong></span> <span class='ocrx_word' id='word_1_265' title='bbox 621 3299 749 3347; x_wconf 73' lang='lat' dir='ltr'><strong>Tua</strong></span> <span class='ocrx_word' id='word_1_266' title='bbox 773 3300 1011 3349; x_wconf 80' lang='lat' dir='ltr'><strong>cautio:</strong></span> <span class='ocrx_word' id='word_1_267' title='bbox 1052 3316 1082 3348; x_wconf 87' lang='lat' dir='ltr'><strong>a</strong></span> <span class='ocrx_word' id='word_1_268' title='bbox 1104 3307 1371 3349; x_wconf 87' lang='lat' dir='ltr'><strong>statement</strong></span> <span class='ocrx_word' id='word_1_269' title='bbox 1395 3302 1513 3364; x_wconf 91' lang='lat' dir='ltr'><strong>only</strong></span> <span class='ocrx_word' id='word_1_270' title='bbox 1547 3309 1633 3351; x_wconf 94' lang='lat' dir='ltr'><strong>too</strong></span> <span class='ocrx_word' id='word_1_271' title='bbox 1667 3309 1775 3351; x_wconf 91' lang='lat' dir='ltr'><strong>true</strong></span> <span class='ocrx_word' id='word_1_272' title='bbox 1811 3303 1863 3351; x_wconf 90' lang='lat' dir='ltr'><strong>in</strong></span> <span class='ocrx_word' id='word_1_273' title='bbox 1892 3303 1956 3352; x_wconf 91' lang='lat' dir='ltr'><strong>its</strong></span> <span class='ocrx_word' id='word_1_274' title='bbox 1982 3305 2316 3353; x_wconf 91' lang='lat' dir='ltr'><strong>unconscious</strong></span> <span class='ocrx_word' id='word_1_275' title='bbox 2340 3304 2573 3367; x_wconf 87' lang='lat' dir='ltr'><strong>soresight.</strong></span> 
     </span>
     <span class='ocr_line' id='line_1_35' title="bbox 497 3374 2575 3444; baseline 0.001 -22"><span class='ocrx_word' id='word_1_276' title='bbox 497 3376 653 3437; x_wconf 87' lang='lat' dir='ltr'><strong>Many</strong></span> <span class='ocrx_word' id='word_1_277' title='bbox 688 3375 745 3422; x_wconf 87' lang='lat' dir='ltr'><strong>of</strong></span> <span class='ocrx_word' id='word_1_278' title='bbox 778 3374 863 3423; x_wconf 91' lang='lat' dir='ltr'><strong>the</strong></span> <span class='ocrx_word' id='word_1_279' title='bbox 898 3384 1123 3424; x_wconf 87' lang='lat' dir='ltr'><strong>senators</strong></span> <span class='ocrx_word' id='word_1_280' title='bbox 1157 3376 1279 3424; x_wconf 85' lang='lat' dir='ltr'><strong>then</strong></span> <span class='ocrx_word' id='word_1_281' title='bbox 1313 3384 1530 3440; x_wconf 88' lang='lat' dir='ltr'><strong>present,</strong></span> <span class='ocrx_word' id='word_1_282' title='bbox 1551 3378 1727 3427; x_wconf 88' lang='lat' dir='ltr'><strong>Cicero</strong></span> <span class='ocrx_word' id='word_1_283' title='bbox 1752 3379 2004 3437; x_wconf 88' lang='lat' dir='ltr'><strong>included,</strong></span> <span class='ocrx_word' id='word_1_284' title='bbox 2034 3381 2270 3444; x_wconf 88' lang='lat' dir='ltr'><strong>perished</strong></span> <span class='ocrx_word' id='word_1_285' title='bbox 2298 3382 2347 3430; x_wconf 92' lang='lat' dir='ltr'><strong>in</strong></span> <span class='ocrx_word' id='word_1_286' title='bbox 2373 3374 2456 3430; x_wconf 80' lang='lat' dir='ltr'><strong>the</strong></span> <span class='ocrx_word' id='word_1_287' title='bbox 2479 3379 2575 3428; x_wconf 88' lang='lat' dir='ltr'><strong>civil</strong></span> 
     </span>
     <span class='ocr_line' id='line_1_36' title="bbox 493 3451 2573 3515; baseline 0.003 -18"><span class='ocrx_word' id='word_1_288' title='bbox 493 3467 620 3509; x_wconf 84' lang='lat' dir='ltr'><strong>wars</strong></span> <span class='ocrx_word' id='word_1_289' title='bbox 642 3452 744 3499; x_wconf 89' lang='lat' dir='ltr'><strong>and</strong></span> <span class='ocrx_word' id='word_1_290' title='bbox 771 3452 1124 3515; x_wconf 87' lang='lat' dir='ltr'><strong>proscriptions</strong></span> <span class='ocrx_word' id='word_1_291' title='bbox 1146 3451 1308 3499; x_wconf 89' lang='lat' dir='ltr'><strong>which</strong></span> <span class='ocrx_word' id='word_1_292' title='bbox 1329 3452 1562 3501; x_wconf 87' lang='lat' dir='ltr'><strong>followed</strong></span> <span class='ocrx_word' id='word_1_293' title='bbox 1586 3454 1809 3503; x_wconf 89' lang='lat' dir='ltr'><strong>Caesar&#39;s</strong></span> <span class='ocrx_word' id='word_1_294' title='bbox 1834 3456 2202 3504; x_wconf 84' lang='lat' dir='ltr'><strong>assassination.</strong></span> <span class='ocrx_word' id='word_1_295' title='bbox 2221 3458 2359 3505; x_wconf 88' lang='lat' dir='ltr'><strong>—in</strong></span> <span class='ocrx_word' id='word_1_296' title='bbox 2383 3458 2573 3507; x_wconf 77' lang='lat' dir='ltr'><strong>alteru·</strong></span> 
     </span>
     <span class='ocr_line' id='line_1_37' title="bbox 492 3528 2572 3596; baseline 0 -19"><span class='ocrx_word' id='word_1_297' title='bbox 492 3532 621 3577; x_wconf 76' lang='lat' dir='ltr'><strong>tro:</strong></span> <span class='ocrx_word' id='word_1_298' title='bbox 663 3529 720 3574; x_wconf 83' lang='lat' dir='ltr'><strong>in</strong></span> <span class='ocrx_word' id='word_1_299' title='bbox 745 3544 836 3574; x_wconf 88' lang='lat' dir='ltr'><strong>one</strong></span> <span class='ocrx_word' id='word_1_300' title='bbox 858 3543 972 3588; x_wconf 85' lang='lat' dir='ltr'><strong>way</strong></span> <span class='ocrx_word' id='word_1_301' title='bbox 995 3543 1052 3573; x_wconf 88' lang='lat' dir='ltr'><strong>or</strong></span> <span class='ocrx_word' id='word_1_302' title='bbox 1079 3529 1155 3575; x_wconf 78' lang='lat' dir='ltr'><strong>the</strong></span> <span class='ocrx_word' id='word_1_303' title='bbox 1179 3528 1329 3576; x_wconf 80' lang='lat' dir='ltr'><strong>other.</strong></span> <span class='ocrx_word' id='word_1_304' title='bbox 1415 3529 1484 3576; x_wconf 87' lang='lat'><strong>18.</strong></span> <span class='ocrx_word' id='word_1_305' title='bbox 1521 3530 1881 3589; x_wconf 80' lang='lat' dir='ltr'><strong>pertinacia:</strong></span> <span class='ocrx_word' id='word_1_306' title='bbox 1919 3531 1995 3579; x_wconf 89' lang='lat' dir='ltr'><strong>i.e.</strong></span> <span class='ocrx_word' id='word_1_307' title='bbox 2018 3531 2083 3594; x_wconf 93' lang='lat' dir='ltr'><strong>by</strong></span> <span class='ocrx_word' id='word_1_308' title='bbox 2099 3531 2276 3594; x_wconf 86' lang='lat' dir='ltr'><strong>taking</strong></span> <span class='ocrx_word' id='word_1_309' title='bbox 2299 3541 2409 3596; x_wconf 88' lang='lat' dir='ltr'><strong>part</strong></span> <span class='ocrx_word' id='word_1_310' title='bbox 2432 3534 2479 3581; x_wconf 90' lang='lat' dir='ltr'><strong>in</strong></span> <span class='ocrx_word' id='word_1_311' title='bbox 2501 3531 2572 3580; x_wconf 89' lang='lat' dir='ltr'><strong>the</strong></span> 
     </span>
     <span class='ocr_line' id='line_1_38' title="bbox 494 3601 2572 3670; baseline 0.001 -20"><span class='ocrx_word' id='word_1_312' title='bbox 494 3619 595 3650; x_wconf 87' lang='lat' dir='ltr'><strong>war</strong></span> <span class='ocrx_word' id='word_1_313' title='bbox 631 3603 683 3649; x_wconf 91' lang='lat' dir='ltr'><strong>in</strong></span> <span class='ocrx_word' id='word_1_314' title='bbox 709 3602 880 3648; x_wconf 86' lang='lat' dir='ltr'><strong>Africa</strong></span> <span class='ocrx_word' id='word_1_315' title='bbox 909 3601 1033 3648; x_wconf 89' lang='lat' dir='ltr'><strong>after</strong></span> <span class='ocrx_word' id='word_1_316' title='bbox 1067 3603 1152 3648; x_wconf 87' lang='lat' dir='ltr'><strong>the</strong></span> <span class='ocrx_word' id='word_1_317' title='bbox 1188 3602 1342 3650; x_wconf 87' lang='lat' dir='ltr'><strong>battle</strong></span> <span class='ocrx_word' id='word_1_318' title='bbox 1381 3603 1440 3650; x_wconf 89' lang='lat' dir='ltr'><strong>of</strong></span> <span class='ocrx_word' id='word_1_319' title='bbox 1471 3604 1743 3652; x_wconf 86' lang='lat' dir='ltr'><strong>Pharsalus.</strong></span> <span class='ocrx_word' id='word_1_320' title='bbox 1812 3605 1919 3652; x_wconf 80' lang='lat' dir='ltr'><strong>‘she</strong></span> <span class='ocrx_word' id='word_1_321' title='bbox 1958 3622 2171 3670; x_wconf 88' lang='lat' dir='ltr'><strong>passage</strong></span> <span class='ocrx_word' id='word_1_322' title='bbox 2206 3607 2368 3656; x_wconf 85' lang='lat' dir='ltr'><strong>shows</strong></span> <span class='ocrx_word' id='word_1_323' title='bbox 2401 3608 2502 3657; x_wconf 90' lang='lat' dir='ltr'><strong>that</strong></span> <span class='ocrx_word' id='word_1_324' title='bbox 2529 3621 2572 3653; x_wconf 85' lang='lat' dir='ltr'><strong>as</strong></span> 
     </span>
    </p>
   </div>
   <div class='ocr_carea' id='block_1_10' title="bbox 493 3676 2573 3813">
    <p class='ocr_par' dir='ltr' id='par_1_11' title="bbox 493 3676 2573 3813">
     <span class='ocr_line' id='line_1_39' title="bbox 493 3676 2573 3740; baseline 0.002 -16"><span class='ocrx_word' id='word_1_325' title='bbox 493 3683 577 3738; x_wconf 91' lang='lat' dir='ltr'><strong>yet</strong></span> <span class='ocrx_word' id='word_1_326' title='bbox 612 3677 754 3724; x_wconf 87' lang='lat' dir='ltr'><strong>there</strong></span> <span class='ocrx_word' id='word_1_327' title='bbox 788 3690 890 3722; x_wconf 84' lang='lat' dir='ltr'><strong>was</strong></span> <span class='ocrx_word' id='word_1_328' title='bbox 914 3681 964 3722; x_wconf 88' lang='lat' dir='ltr'><strong>at</strong></span> <span class='ocrx_word' id='word_1_329' title='bbox 992 3676 1149 3721; x_wconf 88' lang='lat' dir='ltr'><strong>Rome</strong></span> <span class='ocrx_word' id='word_1_330' title='bbox 1176 3691 1241 3722; x_wconf 91' lang='lat' dir='ltr'><strong>no</strong></span> <span class='ocrx_word' id='word_1_331' title='bbox 1266 3677 1640 3740; x_wconf 87' lang='lat' dir='ltr'><strong>apprehension</strong></span> <span class='ocrx_word' id='word_1_332' title='bbox 1664 3679 1722 3726; x_wconf 88' lang='lat' dir='ltr'><strong>of</strong></span> <span class='ocrx_word' id='word_1_333' title='bbox 1738 3680 1951 3728; x_wconf 90' lang='lat' dir='ltr'><strong>another</strong></span> <span class='ocrx_word' id='word_1_334' title='bbox 1976 3683 2225 3731; x_wconf 87' lang='lat' dir='ltr'><strong>outbreak</strong></span> <span class='ocrx_word' id='word_1_335' title='bbox 2249 3684 2307 3732; x_wconf 73' lang='grc' dir='ltr'><strong>οἱ</strong></span> <span class='ocrx_word' id='word_1_336' title='bbox 2334 3682 2573 3732; x_wconf 57' lang='lat' dir='ltr'><strong>hostilitia</strong></span> 
     </span>
     <span class='ocr_line' id='line_1_40' title="bbox 495 3748 1614 3813; baseline 0 -14"><span class='ocrx_word' id='word_1_337' title='bbox 495 3752 548 3799; x_wconf 91' lang='lat' dir='ltr'><strong>in</strong></span> <span class='ocrx_word' id='word_1_338' title='bbox 573 3751 745 3813; x_wconf 86' lang='lat' dir='ltr'><strong>Spain.</strong></span> <span class='ocrx_word' id='word_1_339' title='bbox 816 3748 892 3796; x_wconf 89' lang='lat'><strong>26.</strong></span> <span class='ocrx_word' id='word_1_340' title='bbox 928 3749 1252 3798; x_wconf 77' lang='lat' dir='ltr'><strong>contineri:</strong></span> <span class='ocrx_word' id='word_1_341' title='bbox 1299 3752 1508 3812; x_wconf 82' lang='lat' dir='ltr'><strong>depends</strong></span> <span class='ocrx_word' id='word_1_342' title='bbox 1531 3768 1614 3800; x_wconf 89' lang='lat' dir='ltr'><strong>on.</strong></span> 
     </span>
    </p>
   </div>
  </div>
 </body>
</html>
