2719 4161
472 276 610 325 212
1042 268 1467 326 ORATIONS
1529 269 1635 325 OF
1693 266 2002 324 CICERO
2092 343 2095 345 ‚

466 452 670 510 civitas
706 471 831 510 esse
872 463 1091 527 posset.
1181 451 1361 524 Quod
1405 451 1567 509 idem
1610 452 1938 525 contigerat
1975 449 2378 525 superieribus
2415 448 2573 507 bellis

465 550 748 607 civilibus
863 551 1018 607 Nam
1060 550 1203 606 mihi
1240 550 1465 606 censuli
1508 550 1862 624 supplicatis)
1904 549 2075 605 nfillis
2111 555 2294 605 armis
2331 552 2574 621 sfimptis

463 654 585 706 nen
630 649 709 706 ob
743 647 994 705 caedem
1037 647 1291 704 hostium
1334 647 1442 705 sed
1484 647 1565 706 ob
1607 648 2121 705 censervatienem
2166 646 2391 702 civium
2429 650 2573 702 nove

465 757 524 804 et
554 746 818 804 inaudite
846 765 1061 821 genere
1093 745 1333 803 decreta
1377 754 1484 803 est.
1570 746 1765 818 Quam
1801 746 1882 803 ob
1916 763 2041 802 rem
2085 754 2187 801 aut
2220 743 2572 817 supplicatis)

392 854 415 903 5
462 849 525 901 re
560 845 798 919 publica
836 844 1226 919 pulcherrime
1260 849 1425 918 gesta
1467 843 1895 918 postulantibus
1938 848 2156 900 nostris
2204 841 2571 915 imperateri-

463 942 569 1001 bus
614 942 965 1017 deneganda
1010 952 1117 1012 est,
1163 941 1326 1016 quod
1375 952 1608 1016 praeter
1653 940 1971 999 Gabinium
2030 940 2288 1015 contigit
2339 939 2571 1009 nemini,

459 1049 559 1097 aut
614 1040 1040 1114 supplicatiene
1084 1037 1466 1097 decernenda
1506 1039 1688 1096 hostis
1731 1043 1834 1096 ees
1877 1037 1957 1096 de
1999 1037 2215 1112 quibus
2259 1036 2572 1095 decernitis

458 1137 731 1195 ifidicetis
773 1155 1015 1195 necesse
1060 1147 1168 1195 est.

556 1296 660 1341 The
691 1296 831 1341 valor
859 1293 913 1342 of
940 1296 1128 1352 Pansa,
1158 1296 1273 1342 who
1302 1307 1415 1342 was
1447 1296 1785 1355 dangerously
1812 1295 2056 1342 wounded
2086 1294 2139 1339 in
2170 1294 2266 1340 the
2297 1294 2485 1341 battle.

541 1424 644 1480 IX.
702 1423 880 1496 Quod
914 1428 1054 1497 erge
1083 1423 1178 1480 ille
1209 1428 1291 1494 re,
1321 1422 1383 1480 id
1417 1441 1527 1497 ego
1558 1423 1733 1481 etiam
1764 1422 1967 1493 verbe,
1998 1440 2136 1479 cum
2181 1422 2571 1497 imperateres

362 1542 416 1575 ιο
458 1525 560 1578 ees
595 1520 831 1595 appelle
854 1542 870 1592 ;
915 1520 1030 1578 hec
1073 1521 1203 1595 ipse
1246 1521 1486 1577 nemine
1529 1530 1590 1578 et
1633 1525 1735 1577 ees
1772 1526 1872 1594 qui
1914 1519 2034 1576 iam
2071 1518 2301 1577 devicti
2343 1530 2480 1578 sunt
2520 1529 2572 1577 et

458 1623 560 1676 ees
599 1625 698 1692 qui
742 1629 1050 1693 supersunt
1094 1618 1276 1675 hostis
1311 1616 1531 1689 iudice,
1567 1636 1702 1674 cum
1738 1617 1992 1674 victeres
2035 1616 2283 1692 appelle
2327 1617 2569 1692 impera-

457 1720 630 1773 tereS.
736 1715 873 1788 Que
924 1715 1105 1772 mode
1150 1715 1308 1772 enim
1356 1714 1553 1789 potius
1595 1716 1842 1775 Pansam
1890 1713 2211 1789 appellem,
2247 1721 2365 1771 etsi
2407 1714 2571 1772 habet

455 1813 694 1870 honeris
737 1818 956 1870 nemen
991 1813 1376 1887 amplissimi?
1458 1812 1595 1885 Que
1640 1812 1947 1870 Hirtium?
2030 1812 2142 1869 Est
2186 1812 2290 1869 ille
2336 1812 2567 1887 quidem

455 1911 677 1981 censul,
710 1910 813 1968 sed
844 1910 1092 1967 alterum
1121 1915 1340 1967 nemen
1370 1899 1626 1968 benefici
1655 1910 1859 1984 populi
1888 1911 2154 1967 Remini
2184 1919 2299 1979 est,
2332 1910 2569 1991 alterum

358 2021 408 2068 Ῑ5
454 2008 681 2065 virtfitis
723 2018 899 2083 atque
942 2008 1238 2066 victeriae.
1328 2007 1532 2080 Quid?
1613 2007 1931 2065 Caesarem
1975 2005 2234 2064 deerum
2281 2008 2569 2066 benefici6

453 2113 535 2163 rei
556 2106 825 2180 pfiblicae
847 2110 1224 2181 pre—>creatum
1246 2105 1593 2163 dubitemne
1618 2105 1914 2180 appellare
1938 2105 2423 2180 impera-iterem?
2465 2106 2569 2179 Qui

452 2210 673 2278 primus
715 2205 935 2260 Anteni
978 2203 1299 2260 immanem
1341 2213 1403 2260 et
1445 2203 1681 2260 foedam
1717 2184 2131 2260 credelitatem
2164 2208 2294 2260 nen
2325 2204 2514 2260 selum
2540 2208 2570 2260 a

452 2300 657 2373 iugulis
687 2302 899 2357 nostris
929 2299 1035 2358 sed
1065 2300 1245 2357 etiam
1274 2306 1309 2357 Ξ
1337 2300 1617 2358 membris
1640 2311 1701 2357 et
1723 2299 2044 2358 visceribus
2073 2300 2317 2357 evertit.
2392 2287 2569 2360 Unius

450 2408 649 2454 autem
685 2397 804 2454 diei
849 2406 993 2471 quot
1042 2405 1103 2454 et
1151 2408 1408 2471 quantae
1452 2398 1713 2469 virtutes,
1761 2396 1824 2454 di
1862 2398 2252 2469 immortaleS,
2303 2398 2568 2456 fuerunt!

350 2517 409 2549 20
451 2496 731 2569 Princeps
782 2495 939 2551 enim
974 2494 1239 2551 omnium
1287 2496 1477 2552 Pansa
1504 2494 1693 2569 proeli
1734 2494 1992 2553 faciendi
2032 2503 2096 2552 et
2131 2514 2279 2553 curn
2314 2496 2569 2554 Antenie

450 2592 808 2665 cenfligendi
855 2591 979 2662 suit,
1023 2591 1233 2666 dignus
1273 2592 1594 2667 imperetor
1638 2593 1868 2667 legi6ne
1916 2593 2155 2665 Martia,
2191 2593 2383 2670 digna
2428 2594 2569 2669 legis)

450 2689 820 2763 imperatere.
906 2688 1088 2746 Cfiius
1111 2695 1158 2745 si
1181 2690 1532 2746 acerrimum
1557 2691 1847 2765 impetum
1870 2690 2156 2749 cohibere
2192 2678 2393 2749 Pansa
2414 2703 2570 2767 potu-

449 2787 608 2856 isset,
647 2791 765 2842 fine
805 2785 1029 2860 proelie
1064 2786 1335 2843 cenfecta
1377 2792 1467 2845 res
1511 2797 1664 2845 esset
1685 2809 1702 2859 3
1747 2788 1856 2846 sed
1895 2806 2034 2845 cum
2072 2788 2374 2847 libertatis
2410 2787 2570 2846 avida

448 2883 602 2956 legie
637 2883 967 2940 effrenatius
1001 2883 1059 2938 in
1099 2883 1288 2941 aciem
1328 2884 1588 2942 hostiurn
1623 2885 1939 2961 inrfipisset
1975 2886 2233 2961 ipseque
2273 2887 2341 2944 in
2374 2892 2570 2962 primis

349 2982 402 3029 ²5
450 2982 637 3037 Pansa
658 2984 963 3054 pugnaret,
984 2979 1215 3038 duc->bus
1240 2982 1580 3057 periculesis
1602 2983 1937 3041 vulneribus
1960 2990 2234 3058 acceptis
2253 2984 2522 3042 sublatus
2540 2987 2569 3039 e

448 3077 673 3151 proelie
702 3082 784 3133 rei
815 3077 1085 3151 piIblicae
1107 3084 1287 3134 vitam
1310 3080 1643 3136 reservavit.
1701 3081 1848 3154 Ego
1877 3085 2018 3138 vere
2038 3081 2202 3138 hunc
2227 3087 2356 3139 nen
2389 3082 2570 3140 selum

448 3174 864 3248 imperaterem
911 3173 1016 3231 sed
1065 3174 1242 3232 etiam
1291 3175 1675 3234 clarissimum
1723 3177 2153 3253 imperaterem
2205 3178 2438 3250 iudic6,
2477 3183 2570 3252 qui

446 3288 583 3326 cum
618 3278 719 3327 aut
748 3263 936 3328 morte
967 3279 1067 3328 aut
1101 3271 1343 3328 victeria'
1380 3277 1442 3330 se
1479 3274 1617 3330 satis
1654 3274 1946 3331 facti-irum
1988 3282 2075 3332 rei
2111 3276 2404 3350 pfiblicae
2441 3293 2565 3350 spo·

446 3365 771 3441 pondisset‚
801 3368 1049 3425 alterum
1082 3367 1235 3439 fecit,
1266 3368 1501 3426 alterius
1531 3370 1592 3427 di
1622 3371 1983 3430 immortales
2014 3377 2202 3430 emen
2241 3379 2531 3432 avertant.

937 3553 1041 3598 The
1072 3553 1223 3599 brave
1253 3555 1404 3601 deeds
1435 3553 1488 3601 of
1515 3556 1711 3604 Hirtius
1741 3560 1839 3604 and
1871 3558 2073 3606 Caesar.

350 3685 404 3731 30
523 3679 595 3736 X.
654 3678 816 3752 Quid
852 3678 1047 3736 dicam
1089 3679 1165 3737 de
1206 3665 1447 3739 Hirtie?
1531 3682 1651 3755 Qui
1698 3689 1763 3742 re
1801 3685 2005 3744 audiffi
2062 3691 2098 3744 e
2150 3695 2369 3746 castris
2426 3686 2566 3744 duas

444 3775 706 3850 legiones
741 3775 945 3834 edfixit
974 3775 1306 3833 incredibili
1333 3777 1528 3836 studie
1557 3790 1734 3855 atque
1764 3782 1982 3840 virtfite
2005 3803 2023 3854 3
2068 3795 2353 3858 quartam
2393 3785 2562 3850 illam,
