2719 4161
477 212 617 281 206
1049 222 1478 279 ORATIONS
1539 221 1645 279 OF
1702 221 2010 278 CICERO

554 407 782 463 Bellum
816 405 1172 479 inexpiabile
1211 405 1388 463 infert
1430 414 1705 479 quattuor
1740 403 2079 462 consulibus
2121 409 2272 462 anus
2314 404 2525 462 omnium

471 505 764 562 latronum
794 503 1181 561 taeterrimus,
1268 502 1439 560 Gerit
1466 502 1629 560 idem
1666 502 1887 560 bellum
1922 521 2060 559 cum
2091 506 2301 559 senato
2331 502 2526 575 populo-

470 620 585 676 que
638 603 913 658 Romano
936 621 952 672 3
1022 599 1317 672 omnibuS,
1368 618 1725 674 quamquam
1785 600 1900 656 ruit
1951 600 2079 674 ipse
2126 606 2248 657 suis
2298 599 2531 668 cladibus

470 710 720 775 pestem,
744 699 1098 769 vastitatem,
1122 699 1468 768 cruciatum,
1493 708 1785 755 tormenta
1815 697 2144 755 donantiat.
2233 697 2533 755 Dolabellae

401 811 424 858 5
470 798 656 855 serum
687 809 746 855 et
776 798 1036 854 immane
1061 796 1304 867 facium,
1328 796 1492 870 qnod
1525 796 1680 852 niilla
1711 783 1983 854 barbaria
2005 805 2205 870 posset
2236 799 2534 870 agnoscere,

470 896 530 954 id
561 900 667 953 suo
696 894 943 952 consilio
975 894 1196 952 sactum
1226 912 1354 951 esse
1388 899 1670 967 testatur3
1723 911 1995 968 quaeque
2026 903 2182 952 esset
2217 894 2462 950 facti-irus
2493 892 2536 947 in

470 992 581 1050 hac
630 992 792 1064 urbe,
846 992 955 1050 nisi
1007 1010 1143 1049 eum
1195 991 1291 1048 hic
1341 992 1468 1067 ipse
1521 991 1789 1067 Iuppiter
1837 992 1913 1048 ab
1965 992 2080 1048 hoc
2130 991 2359 1065 templo
2402 1001 2540 1063 atque

470 1091 777 1148 moenibus
834 1090 1201 1164 reppulisset,
1261 1089 1582 1147 doclaravit
1638 1090 1699 1146 in
1755 1090 2162 1147 Parmonsium
2219 1088 2536 1155 calamitate,

468 1194 617 1261 quos
673 1189 932 1263 optimos
982 1188 1135 1245 viros
1187 1187 1751 1261 honestissimosque
1796 1187 2086 1258 homino&
2139 1186 2398 1244 maximo
2439 1202 2541 1240 cum

375 1312 428 1342 10
469 1286 818 1343 auctoritate
877 1284 1045 1343 hoius
1104 1284 1327 1342 ordinis
1386 1286 1709 1360 populique
1774 1286 2033 1342 Romani
2096 1284 2385 1359 dignitate
2435 1274 2542 1338 con·

470 1384 718 1453 ifinctoS,
768 1382 1184 1440 crodolissimis
1237 1383 1524 1457 exemplis
1570 1383 1867 1440 interomit
1917 1382 2283 1457 propudium
2335 1379 2463 1438 illud
2500 1388 2541 1435 et

470 1491 809 1555 portentum
854 1482 919 1538 L.
949 1480 1258 1551 AntoniUS,
1300 1487 1530 1556 insigne
1573 1479 1778 1537 odium
1824 1480 2089 1538 omnium
2127 1480 2433 1536 hominum
2460 1476 2544 1545 vel,

469 1585 517 1636 si
561 1580 739 1636 etiarn
782 1578 844 1635 di
888 1577 1141 1635 odorunt
1184 1583 1333 1652 quos
1378 1588 1637 1652 oportet,
1681 1577 1950 1636 deorum.
2044 1578 2290 1653 Refugit
2333 1576 2541 1643 animm,

470 1681 663 1750 patr‘e‘s
693 1681 1030 1750 conscripti,
1065 1694 1252 1750 eaque
1283 1675 1485 1733 dicere
1515 1659 1854 1734 reformidat
1888 1693 2042 1749 quae
2089 1676 2153 1732 L.
2186 1674 2470 1732 Antonius
2497 1672 2543 1727 in

374 1787 422 1833 ι5
470 1774 874 1831 Parmensium
916 1774 1110 1831 liberis
1145 1782 1207 1830 et
1249 1774 1601 1849 coniugibus
1636 1773 1915 1831 effocerit.
2011 1773 2176 1846 Quas
2208 1773 2373 1830 enim
2400 1768 2544 1843 turpi-

470 1871 703 1929 tadinos
746 1872 989 1929 Antonii
1033 1872 1285 1929 libenter
1318 1890 1456 1928 cum
1492 1870 1791 1929 dodecore
1832 1871 2155 1955 subiorupt,
2188 1869 2430 1928 easdem
2468 1883 2548 1941 per

468 1969 586 2025 vim
630 1969 919 2026 laetantur
954 1969 1079 2026 aliis
1123 1974 1185 2026 so
1229 1970 1510 2027 intulisse.
1596 1968 1713 2027 Sed
1748 1976 1833 2026 vis
1875 1969 2221 2026 calamitosa
2265 1978 2357 2025 est
2403 1982 2545 2040 quam

470 2067 577 2124 illis
611 2066 964 2137 obtulorunt‚
995 2066 1178 2126 libido
1215 2067 1504 2143 flagitiosa
1536 2073 1654 2142 qua
1689 2067 2080 2125 Antoniorum
2112 2066 2301 2126 oblita
2331 2076 2416 2124 est
2442 2070 2547 2120 vita.

475 2167 579 2221 Est
625 2165 798 2240 igitur
839 2166 1150 2238 quisquam
1193 2172 1295 2238 qui
1339 2165 1521 2222 hostis
1565 2166 1864 2240 appellare
1908 2170 2027 2221 non
2071 2164 2292 2222 audeat
2333 2167 2547 2239 quorum

370 2286 426 2317 20
469 2263 688 2320 scelere
719 2262 1127 2320 crodolitatem
1164 2263 1745 2337 Karthaginiensium
1774 2263 1990 2319 victam
2020 2280 2150 2320 esse
2180 2261 2464 2320 fateatur?

497 2464 601 2509 The
631 2464 752 2510 title
782 2461 835 2510 of
864 2467 1191 2520 imperator
1216 2464 1395 2510 should
1426 2463 1487 2508 be
1519 2464 1669 2522 given
1700 2464 1790 2509 the
1821 2464 2054 2523 generals
2084 2465 2201 2510 who
2233 2465 2364 2510 have
2395 2459 2529 2509 saved

1205 2549 1267 2584 us
1296 2537 1426 2584 from
1457 2539 1582 2585 such
1613 2540 1845 2598 dangers.

553 2667 653 2725 IV.
713 2666 848 2739 Qua
877 2664 1126 2721 enimin
1162 2665 1306 2722 urbe
1345 2676 1467 2722 tam
1511 2665 1783 2722 immanis
1831 2665 2135 2724 Hannibal
2180 2672 2359 2741 capta
2399 2678 2548 2738 quarn

469 2765 530 2821 in
560 2765 770 2821 Parma
804 2767 1071 2835 surrepta
1099 2763 1433 2820 Antonius?
1490 2762 1620 2819 Nisi
1652 2763 1799 2820 forte
1831 2762 2002 2820 hoius
2032 2764 2304 2822 coloniae
2335 2772 2394 2820 et
2420 2765 2548 2818 cote-

469 2867 681 2931 rarum‚
711 2861 772 2917 in
801 2865 947 2934 quas
978 2859 1192 2917 eodem
1228 2870 1316 2917 est
1345 2860 1561 2932 animo,
1594 2866 1714 2918 non
1758 2870 1847 2918 est
1890 2861 2075 2919 hostis
2119 2861 2432 2935 putandus.
2504 2857 2549 2912 Si

469 2963 606 3016 voro
649 2958 1011 3016 coloniarum
1058 2968 1117 3014 et
1163 2958 1622 3033 municipiorum
1667 2959 1791 3016 sine
1835 2959 1953 3016 filla
1988 2957 2361 3017 dubitatione
2396 2953 2549 3015 hostis

374 3077 423 3124 25
470 3067 576 3126 est,
608 3055 749 3129 quid
795 3055 1040 3112 tandem
1087 3056 1255 3112 hoius
1299 3056 1551 3114 consotis
1595 3057 1771 3128 urbiS,
1802 3075 1984 3131 quam
2020 3058 2115 3115 ille
2145 3056 2221 3114 ad
2251 3052 2549 3132 explendas

470 3158 762 3229 egestatos
804 3153 1073 3210 latrocini
1117 3161 1205 3211 sui
1255 3156 1612 3229 concupivit,
1657 3174 1835 3230 quam
1885 3156 2002 3214 iam
2054 3163 2277 3230 peritus
2329 3157 2552 3212 motator
2633 3172 2634 3177 ¹

469 3261 531 3310 et
560 3251 803 3309 callidus
840 3251 1216 3327 decempeda
1259 3259 1364 3310 sua
1406 3254 1555 3311 Saxa
1598 3253 1915 3311 diviserat?
2000 3252 2439 3322 Recordamini,
2465 3263 2548 3323 per

473 3351 616 3409 deos
661 3349 1021 3420 immortaliS,
1056 3355 1252 3424 patros
1297 3356 1634 3425 conscripti,
1666 3351 1808 3426 quid
1847 3351 1961 3409 hoc
1998 3351 2182 3410 biduo
2213 3349 2547 3408 timuerimus

470 3455 506 3507 a
534 3448 877 3506 domesticis
907 3447 1171 3505 hostibus
1203 3449 1532 3507 riimoribus
1563 3448 2011 3523 improbissimis
2042 3449 2359 3523 dissipatis,
2427 3441 2547 3516 Quis

373 3564 428 3608 30
470 3548 704 3615 liberoS,
736 3545 865 3618 quis
894 3544 1207 3616 coniugem
1245 3545 1509 3617 aspicere
1540 3555 1776 3618 poterat
1805 3546 1928 3603 sine
1962 3546 2120 3616 flata,
2150 3545 2280 3619 quis
2312 3546 2542 3605 domum,

472 3644 603 3716 quis
643 3647 817 3709 tocta,
849 3639 977 3711 quis
1014 3638 1196 3695 larem
1241 3640 1630 3697 familiarem?
1713 3645 1829 3698 Aut
1876 3642 2278 3700 foedissimam
2326 3652 2544 3698 mortem

475 3742 680 3794 omnos
731 3743 834 3790 aut
890 3732 1283 3790 miserabilem
1342 3735 1538 3807 sugam
1589 3737 1950 3811 cogitabant.
2059 3740 2232 3795 Haec
2282 3744 2321 3795 a
2369 3736 2547 3813 quibus
