2719 4161
727 241 835 317 DE
896 259 1245 316 IMPERIO
1309 259 1613 317 pompm
2084 269 2109 316 1
2128 268 2218 342 29

451 470 560 516 The
590 471 824 530 greatest
853 481 1099 517 revennae
1129 468 1182 516 of
1210 471 1300 516 the
1331 471 1474 517 state
1504 482 1589 517 are
1613 443 1891 530 'imp-ernau.

168 582 288 639 VI.
355 581 497 654 Qua
541 584 602 638 re
659 585 704 637 si
761 590 1005 655 propter
1050 580 1262 650 socios,
1315 579 1476 637 milla
1524 580 1633 655 ipsi
1686 580 1895 638 iniuria
1951 580 2223 654 lacessiti,
2317 557 2323 564 ”

98 679 363 736 maiores
404 683 589 735 nostri
627 695 764 734 curn
794 676 1111 748 Antiocho,
1143 696 1279 735 cum
1313 677 1608 753 Philippo,
1639 696 1777 735 cum
1810 679 2056 751 AetolIS‚
2086 698 2224 737 cum

101 778 321 834 Poenis
356 775 517 835 bella
554 779 877 850 gesserunt,
908 779 1131 849 quanto
1159 779 1265 833 vos
1300 774 1498 832 studio
1529 775 1811 833 convenit
1840 776 2059 834 iniuriis
2089 783 2223 852 pro·

100 879 350 932 vocatos
384 873 682 931 sociorum
719 872 964 930 saltitem
1002 877 1120 930 ima
1157 891 1294 929 curn
1339 872 1754 946 imperi-vestri
1794 875 2077 949 dignitate
2121 876 2222 934 de-

103 971 377 1042 fendere,
400 970 746 1045 praesertim
779 988 914 1027 cum
940 969 1016 1028 de
1050 970 1315 1027 maximis
1342 976 1547 1028 vestris
1570 972 1954 1046 vectigalibus
1983 974 2227 1048 agatur?
2292 992 2313 1039 5

51 1109 53 1114 -
106 1070 264 1127 Nam
296 1073 634 1126 ceterarum
678 1068 1110 1142 provinciarum
1141 1068 1466 1143 vectigalia,
1501 1068 1776 1143 QuiritES,
1809 1079 1972 1127 tanta
2000 1081 2133 1128 sunt
2161 1080 2226 1128 ut

107 1168 167 1224 iis
198 1167 279 1225 ad
313 1167 476 1241 ipsas
501 1166 830 1240 provincias
856 1167 1128 1223 tutandas
1154 1167 1248 1222 vix
1272 1172 1541 1223 contenti
1567 1185 1693 1225 esse
1717 1174 2005 1242 possimus
2028 1188 2043 1239 3
2087 1169 2227 1226 Asia

107 1269 243 1322 vero
274 1275 406 1322 tarn
447 1269 644 1338 opima
679 1273 768 1321 est
807 1282 876 1321 ac
911 1263 1112 1321 fertilis
1152 1275 1216 1321 ut
1249 1275 1308 1322 et
1348 1264 1618 1322 fibertate
1653 1269 1922 1340 agrorum
1954 1276 2014 1322 et
2042 1266 2222 1324 varie-

111 1369 225 1420 tate
275 1362 576 1420 friictuum
619 1371 678 1419 et
722 1361 1127 1436 magnitudine
1174 1362 1457 1437 pastionis
1500 1371 1561 1419 et
1605 1362 1982 1420 multitudine
2025 1368 2223 1421 earum

112 1466 304 1519 retum
335 1478 493 1535 quae
532 1468 917 1534 exportentur
959 1460 1128 1517 facile
1165 1460 1441 1517 omnibus
1483 1466 1646 1517 terris
1688 1460 2022 1518 antecellat.
2109 1461 2223 1518 Ita·
2272 1492 2324 1523 10

113 1577 225 1633 que
255 1559 410 1616 haec
440 1557 606 1615 vobis
638 1557 958 1632 provincia,
985 1558 1264 1631 QuiritES,
1298 1564 1343 1615 si
1376 1568 1433 1615 et
1465 1558 1602 1615 belli
1633 1557 1943 1615 utilitatem
1974 1569 2032 1616 et
2063 1561 2227 1633 pacis

118 1656 465 1732 dignitatem
508 1656 760 1713 retinEre
791 1655 979 1727 vultiS,
1012 1660 1132 1712 non
1178 1654 1362 1714 modo
1399 1661 1434 1713 Ξ
1468 1655 1804 1714 calamitate
1834 1654 1938 1713 sed
1983 1657 2160 1714 etiam
2192 1662 2227 1713 εἶ

119 1759 276 1813 metii
307 1754 663 1812 calamitatis
695 1764 782 1811 est
814 1752 1212 1811 defendenda.

197 1854 353 1910 Nam
401 1852 462 1909 in
502 1856 711 1909 ceteris
743 1853 913 1909 rebus
943 1870 1080 1909 cum
1107 1851 1270 1909 veuit
1300 1851 1621 1923 calamita&
1652 1861 1777 1909 tum
1807 1851 2226 1910 detrimentum

123 1951 405 2026 accipitur
427 1970 443 2022 3
488 1959 549 2008 at
573 1950 630 2006 in
654 1950 1032 2025 vectigalibus
1056 1954 1178 2006 tion
1208 1949 1397 2007 solum
1429 1948 1884 2007 adventus·mali
1913 1950 2016 2007 sed
2049 1951 2225 2007 etiam
2274 1975 2323 2021 15

128 2059 308 2107 metus
337 2048 467 2125 ipse
497 2046 689 2106 adfert
719 2047 1134 2106 calamitatem.
1223 2047 1381 2105 Nam
1410 2065 1549 2105 cum
1581 2047 1833 2106 hostium
1865 2049 2077 2123 copiae
2106 2053 2228 2107 non

127 2147 289 2223 longe
318 2148 551 2218 absunt,
583 2147 762 2203 etiam
803 2152 851 2203 si
895 2146 1154 2221 inruptio
1185 2146 1340 2203 nulla
1383 2145 1536 2203 facta
1577 2156 1682 2217 est,
1715 2156 1915 2203 tamen
1955 2147 2229 2221 pecuaria

130 2246 481 2320 relinquitur,
519 2251 642 2320 agri
685 2244 914 2302 cultura
955 2243 1262 2314 deseritur,
1309 2248 1707 2301 mercatorum
1749 2245 2041 2320 navigatio
2083 2263 2225 2302 con·

134 2344 389 2417 quiescit.
504 2343 596 2400 Ita
639 2360 834 2417 neque
882 2360 954 2399 ex
1004 2346 1180 2416 porti-1
1231 2359 1427 2415 neque
1474 2360 1548 2398 ex
1598 2340 1864 2399 decumis
1915 2361 2111 2416 neque
2154 2361 2226 2399 ex

137 2447 406 2517 scripti-ira]
431 2441 682 2516 vectigal
721 2445 1054 2498 conservari
1099 2450 1293 2513 potest
1315 2460 1331 2511 3
1384 2446 1499 2513 qua
1539 2444 1599 2497 r'e‘
1640 2458 1817 2514 saepe
1870 2445 2046 2498 totius
2088 2448 2225 2499 anni
2270 2470 2327 2502 20

141 2539 337 2599 fructus
365 2545 487 2598 ῡῃό
519 2545 753 2597 rumore
784 2539 1024 2613 periculi
1057 2548 1236 2612 atque
1265 2541 1385 2594 sino
1417 2537 1552 2595 belli
1585 2542 1802 2594 terrore
1832 2538 2132 2595 amittitur.

210 2638 338 2712 Quo
378 2638 621 2697 tandem
658 2638 835 2712 igitur
871 2637 1071 2695 animo
1101 2654 1230 2694 esse
1265 2635 1608 2694 existimatis
1647 2645 1750 2692 aut
1788 2640 1891 2693 eos
1921 2642 2020 2710 qui
2048 2643 2225 2693 vecti·

144 2737 274 2809 galia
300 2737 470 2795 nobis
513 2724 949 2817 pensitantaut
988 2740 1090 2792 eos
1129 2740 1229 2808 qui
1274 2743 1553 2791 exercent
1593 2742 1770 2807 atque
1801 2734 2059 2808 exigunt,
2091 2753 2226 2791 cum

146 2833 246 2890 duo
281 2839 464 2910 'reges
512 2853 648 2891 cum
695 2835 963 2891 maximis
1006 2833 1196 2907 copiis
1244 2840 1488 2906 propter
1530 2829 1742 2901 adsint,
1790 2849 1925 2888 curn
1969 2836 2084 2889 sina
2128 2851 2225 2890 ex-

148 2928 313 2986 cursio
356 2928 647 3003 equitati-is
690 2928 962 3002 perbrevi
1006 2937 1275 3001 tempore
1322 2930 1497 2982 totius
1537 2930 1674 2982 anni
1709 2925 1957 2999 vectigal
2000 2926 2226 2984 auferre
2270 2945 2322 2991 25

150 3026 326 3098 possit,
354 3045 490 3083 cum
522 3026 819 3101 publicani
860 3025 1104 3083 familias
1138 3024 1418 3081 maximas
1449 3029 1595 3097 quas
1625 3022 1683 3079 in
1715 3023 1957 3081 saltibus
1990 3024 2226 3096 habent,

151 3129 271 3196 quas
300 3124 353 3180 in
383 3131 552 3200 agris,
583 3128 730 3198 quas
759 3123 819 3180 in
851 3123 1136 3197 portubus
1171 3131 1350 3195 atque
1382 3120 1685 3191 custodiiS,
1721 3126 1935 3196 magno
1966 3122 2227 3195 periculo

153 3223 203 3276 se
228 3220 430 3279 habEre
459 3222 854 3280 arbitrentur?
939 3220 1240 3278 Putatisne
1270 3224 1377 3276 vos
1416 3219 1526 3276 illis
1557 3218 1730 3276 rEbus
1762 3219 1871 3275 frui
1916 3238 2086 3294 posse
2117 3221 2227 3277 nisi

156 3320 239 3374 eos
264 3325 356 3393 qui
383 3319 547 3378 vobis
577 3319 787 3376 friictui
817 3327 953 3376 sunt
984 3317 1394 3375 conservaritis
1425 3321 1542 3374 non
1581 3316 1791 3388 solum,
1824 3326 1886 3374 ut
1917 3326 2056 3375 ante
2086 3317 2226 3390 dixi,

157 3414 456 3474 calamitate
486 3414 593 3475 sed
625 3415 805 3473 etiam
835 3415 1181 3473 calamitatis
1212 3414 1526 3471 formidine
1557 3414 1876 3472 liberatos?
2271 3430 2326 3475 30

426 3576 531 3622 The
561 3574 795 3623 fortunas
824 3573 877 3621 of
905 3586 1060 3635 many
1089 3575 1278 3621 Roman
1310 3574 1524 3620 citizens
1555 3585 1639 3620 are
1669 3574 1917 3621 involved.

223 3666 345 3726 VII.
399 3672 485 3727 Ac
516 3674 592 3727 ne
623 3669 768 3728 illud
797 3667 1041 3743 quidem
1072 3669 1238 3725 vobis
1268 3666 1707 3742 neglegendum
1742 3677 1849 3739 est,
1888 3668 2051 3743 quod
2084 3669 2227 3727 mihi

164 3779 252 3835 ego
286 3772 600 3825 extremum
647 3771 1076 3843 proposueram
1116 3784 1252 3824 curn
1297 3783 1487 3823 essem
1533 3764 1611 3823 de
1653 3765 1792 3824 belli
1835 3784 2055 3841 genere
2101 3768 2224 3826 dic-

451 3876 490 3912 x
